Count,Tradelist Count,Name,Edition,Condition,Language,Foil,Tags,Last Modified
"1","1","Golgari Keyrune","Return to Ravnica","Near Mint","English","foil","","2022-02-27 02:37:14.370134"
"1","1","Demonmail Hauberk","Innistrad","Near Mint","English","foil","","2022-02-27 02:37:14.359938"
"1","1","Kheru Bloodsucker","Khans of Tarkir","Near Mint","English","foil","","2022-02-27 02:37:14.305571"
"1","1","Murderer's Axe","Shadows over Innistrad","Near Mint","English","foil","","2022-02-27 02:37:14.281090"
"1","1","Warden of Geometries","Oath of the Gatewatch","Near Mint","English","foil","","2022-02-27 02:37:14.271462"
"1","1","Tapestry of the Ages","Dragons of Tarkir","Near Mint","English","foil","","2022-02-27 02:37:14.261853"
"1","1","Hot Soup","Magic 2015 Core Set","Near Mint","English","foil","","2022-02-27 02:37:14.251790"
"4","4","Swiftwater Cliffs","Eternal Masters","Near Mint","English","foil","","2022-02-27 02:37:14.241915"
"2","2","Diabolic Tutor","Magic 2014 Core Set","Near Mint","English","foil","","2022-02-27 02:37:14.230851"
"4","4","Rugged Highlands","Eternal Masters","Near Mint","English","foil","","2022-02-27 02:37:14.219045"
"3","3","Thornwood Falls","Eternal Masters","Near Mint","English","foil","","2022-02-27 02:37:14.196135"
"4","4","Scoured Barrens","Eternal Masters","Near Mint","English","foil","","2022-02-27 02:37:14.157232"
"1","1","Blightspeaker","Planar Chaos","Near Mint","English","foil","","2022-02-27 02:37:14.136363"
"1","1","Qarsi High Priest","Fate Reforged","Near Mint","English","foil","","2022-02-27 02:37:14.126740"
"1","1","Prismatic Lens","Eternal Masters","Near Mint","English","foil","","2022-02-27 02:37:14.117062"
"4","4","Wind-Scarred Crag","Eternal Masters","Near Mint","English","foil","","2022-02-27 02:37:14.105966"
"1","1","Rogue's Passage","Conspiracy: Take the Crown","Near Mint","English","foil","","2022-02-27 02:37:14.083283"
"1","1","Gruul Keyrune","Gatecrash","Near Mint","English","foil","","2022-02-27 02:37:14.050335"
"1","1","Myr Retriever","Modern Masters","Good (Lightly Played)","English","foil","","2022-02-27 02:37:14.040175"
"1","1","Leonin Scimitar","Mirrodin","Near Mint","English","foil","","2022-02-27 02:37:14.027689"
"2","2","Runed Servitor","Modern Masters 2015 Edition","Near Mint","English","foil","","2022-02-27 02:37:14.017103"
"1","1","Jar of Eyeballs","Dark Ascension","Near Mint","English","foil","","2022-02-27 02:37:14.008993"
"1","1","Planar Guide","Legions","Good (Lightly Played)","English","foil","","2022-02-27 02:37:13.999232"
"1","1","Moonsilver Spear","Prerelease Events","Near Mint","English","foil","","2022-02-27 02:37:13.988166"
"4","4","Coiling Oracle","Modern Masters 2017 Edition","Near Mint","English","foil","","2022-02-27 02:37:13.978065"
"4","4","Gruul Guildgate","Modern Masters 2017 Edition","Near Mint","English","foil","","2022-02-27 02:37:13.967952"
"5","5","Bloodfell Caves","Eternal Masters","Near Mint","English","foil","","2022-02-27 02:37:13.959431"
"2","2","Blossoming Sands","Eternal Masters","Near Mint","English","foil","","2022-02-27 02:37:13.949733"
"1","1","Honed Khopesh","Amonkhet","Near Mint","English","foil","","2022-02-27 02:37:13.939455"
"3","3","Izzet Guildgate","Modern Masters 2017 Edition","Near Mint","English","foil","","2022-02-27 02:37:13.925110"
"1","1","Blood Seeker","Magic 2012","Near Mint","English","foil","","2022-02-27 02:37:13.895453"
"5","5","Golgari Guildgate","Modern Masters 2017 Edition","Near Mint","English","foil","","2022-02-27 02:37:13.882601"
"2","2","Dunes of the Dead","Hour of Devastation","Near Mint","English","foil","","2022-02-27 02:37:13.849387"
"1","1","Blightspeaker","Modern Masters","Near Mint","English","foil","","2022-02-27 02:37:13.841546"
"1","1","Kite Shield","Magic 2012","Near Mint","English","foil","","2022-02-27 02:37:13.829534"
"1","1","Spiketail Hatchling","Prophecy","Near Mint","English","foil","","2022-02-27 02:37:13.820621"
"1","1","Encroaching Wastes","Magic 2014 Core Set","Near Mint","English","foil","","2022-02-27 02:37:13.804881"
"4","4","Selesnya Guildgate","Modern Masters 2017 Edition","Near Mint","English","foil","","2022-02-27 02:37:13.795792"
"2","2","Rakdos Keyrune","Return to Ravnica","Near Mint","English","foil","","2022-02-27 02:37:13.787544"
"1","1","Sram, Senior Edificer","Prerelease Events","Near Mint","English","foil","","2022-02-27 02:37:13.779334"
"1","1","Sigil of Distinction","Shards of Alara","Near Mint","English","foil","","2022-02-27 02:37:13.770383"
"1","1","Etched Oracle","Modern Masters","Near Mint","English","foil","","2022-02-27 02:37:13.760559"
"1","1","Etched Oracle","Modern Masters 2015 Edition","Near Mint","English","foil","","2022-02-27 02:37:13.749804"
"1","1","Platinum Angel","From the Vault: Angels","Near Mint","English","foil","","2022-02-27 02:37:13.740550"
"1","1","Blinkmoth Urn","Mirrodin","Good (Lightly Played)","English","foil","","2022-02-27 02:37:13.729322"
"1","1","Malakir Bloodwitch","Zendikar","Near Mint","English","foil","","2022-02-27 02:37:13.718989"
"1","1","Maze's End","Prerelease Events","Near Mint","English","foil","","2022-02-27 02:37:13.709344"
"1","1","Titan's Presence","Battle for Zendikar","Near Mint","English","foil","","2022-02-27 02:37:13.699927"
"4","4","Vampire Lacerator","Masters 25","Near Mint","English","foil","","2022-02-27 02:37:13.690331"
"1","1","Banewhip Punisher","Hour of Devastation","Near Mint","English","foil","","2022-02-27 02:37:13.681991"
"1","1","Forsake the Worldly","Amonkhet","Near Mint","English","foil","","2022-02-27 02:37:13.673346"
"1","1","Havengul Vampire","Conspiracy: Take the Crown","Near Mint","English","foil","","2022-02-27 02:37:13.664984"
"1","1","Mercurial Geists","Eldritch Moon","Near Mint","English","foil","","2022-02-27 02:37:13.654203"
"1","1","Prismatic Lens","Eternal Masters","Near Mint","English","","","2022-02-27 02:37:13.646039"
"1","1","Haunted Fengraf","Masters 25","Near Mint","English","foil","","2022-02-27 02:37:13.637489"
"6","6","Mind Stone","Iconic Masters","Near Mint","English","foil","","2022-02-27 02:37:13.627351"
"4","4","Fossil Find","Shadowmoor","Near Mint","English","foil","","2022-02-27 02:37:13.609379"
"4","4","Strangleroot Geist","Dark Ascension","Near Mint","English","foil","","2022-02-27 02:37:13.576087"
"4","4","Rancor","Eternal Masters","Near Mint","English","foil","","2022-02-27 02:37:13.550430"
"4","4","Hornet Sting","Magic 2011","Near Mint","English","foil","","2022-02-27 02:37:13.532425"
"4","4","Prey Upon","Conspiracy: Take the Crown","Near Mint","English","foil","","2022-02-27 02:37:13.499373"
"4","4","Dryad Militant","Return to Ravnica","Near Mint","English","foil","","2022-02-27 02:37:13.462557"
"1","1","Kalonian Tusker","Magic 2014 Core Set","Near Mint","English","foil","","2022-02-27 02:37:13.446700"
"4","4","Prying Blade","Ixalan","Near Mint","English","foil","","2022-02-27 02:37:13.400674"
"1","1","Sliver Hive","Magic 2015 Core Set","Near Mint","English","foil","","2022-02-27 02:37:13.393007"
"1","1","Anticipate","Dragons of Tarkir","Near Mint","English","foil","","2022-02-27 02:37:13.384186"
"3","3","Natural State","Oath of the Gatewatch","Near Mint","English","foil","","2022-02-27 02:37:13.374912"
"4","4","Feed the Clan","Khans of Tarkir","Near Mint","English","foil","","2022-02-27 02:37:13.346700"
"1","1","Spell Burst","Time Spiral ""Timeshifted""","Good (Lightly Played)","English","foil","","2022-02-27 02:37:13.321079"
"1","1","Sword of Vengeance","Magic 2011","Near Mint","English","foil","","2022-02-27 02:37:13.311168"
"4","4","Lotleth Troll","Return to Ravnica","Near Mint","English","foil","","2022-02-27 02:37:13.299712"
"1","1","Shrine of the Forsaken Gods","Battle for Zendikar","Near Mint","English","foil","","2022-02-27 02:37:13.263876"
"2","2","Avatar of the Resolute","Dragons of Tarkir","Near Mint","English","foil","","2022-02-27 02:37:13.253815"
"2","2","Vines of Vastwood","Modern Masters 2015 Edition","Good (Lightly Played)","English","foil","","2022-02-27 02:37:13.227382"
"4","4","Lush Growth","Shards of Alara","Near Mint","English","foil","","2022-02-27 02:37:13.218273"
"1","1","Foundry Inspector","Kaladesh","Near Mint","English","foil","","2022-02-27 02:37:13.161418"
"1","1","Unravel the Aether","Born of the Gods","Near Mint","English","foil","","2022-02-27 02:37:13.142046"
"1","1","Experiment One","Gatecrash","Near Mint","English","foil","","2022-02-27 02:37:13.132559"
"1","1","Grasping Dunes","Amonkhet","Near Mint","English","foil","","2022-02-27 02:37:13.111103"
"1","1","Kefnet the Mindful","Amonkhet","Near Mint","English","foil","","2022-02-27 02:37:13.102808"
"1","1","Knight Ally Token","Battle for Zendikar","Near Mint","English","","","2022-02-27 02:37:13.092762"
"4","4","Woodland Patrol","Eldritch Moon","Near Mint","English","","","2022-02-27 02:37:13.068703"
"2","2","Woodcutter's Grit","Eldritch Moon","Near Mint","English","","","2022-02-27 02:37:13.041373"
"2","2","Wing Snare","Welcome Deck 2017","Near Mint","English","","","2022-02-27 02:37:13.032363"
"10","10","Wild Wanderer","Kaladesh","Near Mint","English","","","2022-02-27 02:37:13.024064"
"1","1","Weirding Wood","Shadows over Innistrad","Near Mint","English","","","2022-02-27 02:37:13.006381"
"4","4","Waxing Moon","Eldritch Moon","Near Mint","English","","","2022-02-27 02:37:12.997139"
"5","5","Watchful Naga","Amonkhet","Near Mint","English","","","2022-02-27 02:37:12.977037"
"8","8","Watcher in the Web","Shadows over Innistrad","Near Mint","English","","","2022-02-27 02:37:12.943033"
"8","8","Vessel of Nascency","Shadows over Innistrad","Near Mint","English","","","2022-02-27 02:37:12.923639"
"1","1","Ulvenwald Captive","Eldritch Moon","Near Mint","English","","","2022-02-27 02:37:12.878480"
"1","1","Thriving Rhino","Kaladesh","Near Mint","English","","","2022-02-27 02:37:12.868459"
"9","9","Thornhide Wolves","Shadows over Innistrad","Near Mint","English","","","2022-02-27 02:37:12.858829"
"2","2","Territorial Baloth","Battle for Zendikar","Near Mint","English","","","2022-02-27 02:37:12.849275"
"4","4","Take Down","Kaladesh","Near Mint","English","","","2022-02-27 02:37:12.841228"
"2","2","Tajuru Beastmaster","Battle for Zendikar","Near Mint","English","","","2022-02-27 02:37:12.833198"
"2","2","Sylvan Bounty","Conspiracy: Take the Crown","Near Mint","English","","","2022-02-27 02:37:12.824716"
"5","5","Swift Spinner","Eldritch Moon","Near Mint","English","","","2022-02-27 02:37:12.814818"
"7","7","Stoic Builder","Shadows over Innistrad","Near Mint","English","","","2022-02-27 02:37:12.805153"
"5","5","Stinging Shot","Amonkhet","Near Mint","English","","","2022-02-27 02:37:12.796833"
"1","1","Strength in Numbers","Conspiracy: Take the Crown","Near Mint","English","","","2022-02-27 02:37:12.771916"
"4","4","Spidery Grasp","Amonkhet","Near Mint","English","","","2022-02-27 02:37:12.761847"
"5","5","Solitary Hunter","Shadows over Innistrad","Near Mint","English","","","2022-02-27 02:37:12.736227"
"4","4","Snapping Gnarlid","Battle for Zendikar","Near Mint","English","","","2022-02-27 02:37:12.728013"
"2","2","Silkweaver Elite","Aether Revolt","Near Mint","English","","","2022-02-27 02:37:12.719414"
"2","2","Shrill Howler","Eldritch Moon","Near Mint","English","","","2022-02-27 02:37:12.711021"
"9","9","Shed Weakness","Amonkhet","Near Mint","English","","","2022-02-27 02:37:12.694572"
"5","5","Scrounging Bandar","Aether Revolt","Near Mint","English","","","2022-02-27 02:37:12.660959"
"6","6","Savage Punch","Khans of Tarkir","Near Mint","English","","","2022-02-27 02:37:12.643442"
"5","5","Sage of Shaila's Claim","Kaladesh","Near Mint","English","","","2022-02-27 02:37:12.634807"
"2","2","Rootwalla","Welcome Deck 2017","Near Mint","English","","","2022-02-27 02:37:12.609920"
"6","6","Root Out","Shadows over Innistrad","Near Mint","English","","","2022-02-27 02:37:12.591179"
"8","8","Riparian Tiger","Kaladesh","Near Mint","English","","","2022-02-27 02:37:12.574594"
"3","3","Revealing Wind","Dragons of Tarkir","Near Mint","English","","","2022-02-27 02:37:12.566177"
"1","1","Ravenous Leucrocota","Conspiracy: Take the Crown","Near Mint","English","","","2022-02-27 02:37:12.558259"
"7","7","Rabid Bite","Shadows over Innistrad","Near Mint","English","","","2022-02-27 02:37:12.549354"
"1","1","Rabid Bite","Welcome Deck 2017","Near Mint","English","","","2022-02-27 02:37:12.540766"
"7","7","Quilled Wolf","Shadows over Innistrad","Near Mint","English","","","2022-02-27 02:37:12.522886"
"7","7","Quarry Hauler","Amonkhet","Near Mint","English","","","2022-02-27 02:37:12.497449"
"4","4","Prey Upon","Aether Revolt","Near Mint","English","","","2022-02-27 02:37:12.480991"
"4","4","Prey Upon","Eldritch Moon","Near Mint","English","","","2022-02-27 02:37:12.446876"
"7","7","Pouncing Cheetah","Amonkhet","Near Mint","English","","","2022-02-27 02:37:12.420721"
"4","4","Plummet","Battle for Zendikar","Near Mint","English","","","2022-02-27 02:37:12.395756"
"1","1","Oakenform","Welcome Deck 2017","Near Mint","English","","","2022-02-27 02:37:12.275487"
"2","2","Netcaster Spider","Conspiracy: Take the Crown","Near Mint","English","","","2022-02-27 02:37:12.264059"
"3","3","Natural Obsolescence","Aether Revolt","Near Mint","English","","","2022-02-27 02:37:12.242458"
"4","4","Nature's Panoply","Journey into Nyx","Near Mint","English","","","2022-02-27 02:37:12.232306"
"5","5","Naga Vitalist","Amonkhet","Near Mint","English","","","2022-02-27 02:37:12.221549"
"8","8","Moldgraf Scavenger","Shadows over Innistrad","Near Mint","English","","","2022-02-27 02:37:12.178275"
"3","3","Might Beyond Reason","Shadows over Innistrad","Near Mint","English","","","2022-02-27 02:37:12.150834"
"4","4","Lifecraft Cavalry","Aether Revolt","Near Mint","English","","","2022-02-27 02:37:12.133572"
"2","2","Leovold's Operative","Conspiracy: Take the Crown","Near Mint","English","","","2022-02-27 02:37:12.108120"
"13","13","Lead by Example","Oath of the Gatewatch","Near Mint","English","","","2022-02-27 02:37:12.087766"
"2","2","Lay of the Land","Conspiracy: Take the Crown","Near Mint","English","","","2022-02-27 02:37:12.078940"
"3","3","Larger Than Life","Kaladesh","Near Mint","English","","","2022-02-27 02:37:12.059361"
"1","1","Lambholt Pacifist","Shadows over Innistrad","Near Mint","English","","","2022-02-27 02:37:12.034094"
"1","1","Lace with Moonglove","Conspiracy: Take the Crown","Near Mint","English","","","2022-02-27 02:37:12.025392"
"2","2","Kujar Seedsculptor","Kaladesh","Near Mint","English","","","2022-02-27 02:37:12.015433"
"6","6","Intrepid Provisioner","Shadows over Innistrad","Near Mint","English","","","2022-02-27 02:37:12.006857"
"4","4","Initiate's Companion","Amonkhet","Near Mint","English","","","2022-02-27 02:37:11.997922"
"1","1","Hunt the Weak","Kaladesh","Near Mint","English","","","2022-02-27 02:37:11.980187"
"3","3","Hooded Brawler","Amonkhet","Near Mint","English","","","2022-02-27 02:37:11.970970"
"2","2","Hinterland Logger","Shadows over Innistrad","Near Mint","English","","","2022-02-27 02:37:11.962184"
"3","3","Highspire Artisan","Kaladesh","Near Mint","English","","","2022-02-27 02:37:11.952562"
"5","5","Haze of Pollen","Amonkhet","Near Mint","English","","","2022-02-27 02:37:11.925237"
"5","5","Greater Sandwurm","Amonkhet","Near Mint","English","","","2022-02-27 02:37:11.906488"
"5","5","Giant Spider","Amonkhet","Near Mint","English","","","2022-02-27 02:37:11.897431"
"4","4","Giant Mantis","Battle for Zendikar","Near Mint","English","","","2022-02-27 02:37:11.877081"
"5","5","Fork in the Road","Shadows over Innistrad","Near Mint","English","","","2022-02-27 02:37:11.867376"
"7","7","Equestrian Skill","Shadows over Innistrad","Near Mint","English","","","2022-02-27 02:37:11.841152"
"1","1","Emrakul's Influence","Eldritch Moon","Near Mint","English","","","2022-02-27 02:37:11.814575"
"8","8","Earthen Arms","Battle for Zendikar","Near Mint","English","","","2022-02-27 02:37:11.803400"
"3","3","Druid of the Cowl","Aether Revolt","Near Mint","English","","","2022-02-27 02:37:11.794220"
"3","3","Dragon-Scarred Bear","Dragons of Tarkir","Near Mint","English","","","2022-02-27 02:37:11.776686"
"2","2","Domesticated Hydra","Conspiracy: Take the Crown","Near Mint","English","","","2022-02-27 02:37:11.767991"
"4","4","Dissenter's Deliverance","Amonkhet","Near Mint","English","","","2022-02-27 02:37:11.750408"
"1","1","Cult of the Waxing Moon","Shadows over Innistrad","Near Mint","English","","","2022-02-27 02:37:11.733739"
"3","3","Crossroads Consecrator","Eldritch Moon","Near Mint","English","","","2022-02-27 02:37:11.724407"
"6","6","Cowl Prowler","Kaladesh","Near Mint","English","","","2022-02-27 02:37:11.715354"
"2","2","Confront the Unknown","Shadows over Innistrad","Near Mint","English","","","2022-02-27 02:37:11.688507"
"5","5","Commencement of Festivities","Kaladesh","Near Mint","English","","","2022-02-27 02:37:11.679287"
"8","8","Colossapede","Amonkhet","Near Mint","English","","","2022-02-27 02:37:11.661777"
"1","1","Briarbridge Patrol","Shadows over Innistrad","Near Mint","English","","","2022-02-27 02:37:11.642916"
"2","2","Bloodbriar","Eldritch Moon","Near Mint","English","","","2022-02-27 02:37:11.629522"
"5","5","Bitterblade Warrior","Amonkhet","Near Mint","English","","","2022-02-27 02:37:11.617845"
"3","3","Benefaction of Rhonas","Amonkhet","Near Mint","English","","","2022-02-27 02:37:11.587055"
"1","1","Bassara Tower Archer","Journey into Nyx","Near Mint","English","","","2022-02-27 02:37:11.576205"
"3","3","Backwoods Survivalists","Eldritch Moon","Near Mint","English","","","2022-02-27 02:37:11.565667"
"2","2","Autumnal Gloom","Shadows over Innistrad","Near Mint","English","","","2022-02-27 02:37:11.557165"
"2","2","Attune with Aether","Kaladesh","Near Mint","English","","","2022-02-27 02:37:11.539882"
"8","8","Aim High","Shadows over Innistrad","Near Mint","English","","","2022-02-27 02:37:11.520772"
"3","3","Aetherstream Leopard","Aether Revolt","Near Mint","English","","","2022-02-27 02:37:11.511125"
"2","2","Aether Herder","Aether Revolt","Near Mint","English","","","2022-02-27 02:37:11.501907"
"5","5","Workshop Assistant","Kaladesh","Near Mint","English","","","2022-02-27 02:37:11.482103"
"8","8","Wicker Witch","Shadows over Innistrad","Near Mint","English","","","2022-02-27 02:37:11.460924"
"11","11","Weldfast Monitor","Kaladesh","Near Mint","English","","","2022-02-27 02:37:11.426904"
"5","5","Welder Automaton","Aether Revolt","Near Mint","English","","","2022-02-27 02:37:11.401313"
"5","5","Watchful Automaton","Aether Revolt","Near Mint","English","","","2022-02-27 02:37:11.393013"
"4","4","Vial of Dragonfire","Dragons of Tarkir","Near Mint","English","","","2022-02-27 02:37:11.366072"
"1","1","Verdant Automaton","Aether Revolt","Near Mint","English","","","2022-02-27 02:37:11.355568"
"5","5","Universal Solvent","Aether Revolt","Near Mint","English","","","2022-02-27 02:37:11.342400"
"5","5","True-Faith Censer","Shadows over Innistrad","Near Mint","English","","","2022-02-27 02:37:11.331198"
"4","4","Torch Gauntlet","Kaladesh","Near Mint","English","","","2022-02-27 02:37:11.296946"
"5","5","Terrarion","Eldritch Moon","Near Mint","English","","","2022-02-27 02:37:11.274004"
"1","1","Spectral Searchlight","Ravnica: City of Guilds","Good (Lightly Played)","English","","","2022-02-27 02:37:11.263754"
"5","5","Sky Skiff","Kaladesh","Near Mint","English","","","2022-02-27 02:37:11.251107"
"1","1","Skeleton Key","Shadows over Innistrad","Near Mint","English","","","2022-02-27 02:37:11.241010"
"5","5","Shard of Broken Glass","Shadows over Innistrad","Near Mint","English","","","2022-02-27 02:37:11.228273"
"5","5","Self-Assembler","Kaladesh","Near Mint","English","","","2022-02-27 02:37:11.201526"
"15","15","Seer's Lantern","Oath of the Gatewatch","Near Mint","English","","","2022-02-27 02:37:11.181466"
"3","3","Scour from Existence","Battle for Zendikar","Near Mint","English","","","2022-02-27 02:37:11.170289"
"2","2","Runaway Carriage","Shadows over Innistrad","Near Mint","English","","","2022-02-27 02:37:11.161709"
"4","4","Reservoir Walker","Aether Revolt","Near Mint","English","","","2022-02-27 02:37:11.144326"
"1","1","Renegade Map","Aether Revolt","Near Mint","English","","","2022-02-27 02:37:11.136029"
"3","3","Prizefighter Construct","Aether Revolt","Near Mint","English","","","2022-02-27 02:37:11.126427"
"7","7","Prakhata Pillar-Bug","Kaladesh","Near Mint","English","","","2022-02-27 02:37:11.117688"
"2","2","Opaline Unicorn","Conspiracy: Take the Crown","Near Mint","English","","","2022-02-27 02:37:11.108972"
"6","6","Night Market Guard","Aether Revolt","Near Mint","English","","","2022-02-27 02:37:11.089443"
"1","1","Neglected Heirloom","Shadows over Innistrad","Near Mint","English","","","2022-02-27 02:37:11.055010"
"2","2","Mobile Garrison","Aether Revolt","Near Mint","English","","","2022-02-27 02:37:11.045979"
"6","6","Metalspinner's Puzzleknot","Kaladesh","Near Mint","English","","","2022-02-27 02:37:11.036952"
"1","1","Mardu Banner","Khans of Tarkir","Near Mint","English","","","2022-02-27 02:37:11.027373"
"3","3","Magnifying Glass","Shadows over Innistrad","Near Mint","English","","","2022-02-27 02:37:11.017258"
"3","3","Luxa River Shrine","Amonkhet","Near Mint","English","","","2022-02-27 02:37:10.987840"
"1","1","Kozilek's Channeler","Battle for Zendikar","Near Mint","English","","","2022-02-27 02:37:10.978199"
"3","3","Kitesail","Conspiracy: Take the Crown","Near Mint","English","","","2022-02-27 02:37:10.966352"
"2","2","It of the Horrid Swarm","Eldritch Moon","Near Mint","English","","","2022-02-27 02:37:10.957205"
"3","3","Irontread Crusher","Aether Revolt","Near Mint","English","","","2022-02-27 02:37:10.947120"
"2","2","Inventor's Goggles","Kaladesh","Near Mint","English","","","2022-02-27 02:37:10.925707"
"4","4","Implement of Improvement","Aether Revolt","Near Mint","English","","","2022-02-27 02:37:10.913590"
"5","5","Implement of Ferocity","Aether Revolt","Near Mint","English","","","2022-02-27 02:37:10.904358"
"6","6","Implement of Examination","Aether Revolt","Near Mint","English","","","2022-02-27 02:37:10.883878"
"3","3","Implement of Combustion","Aether Revolt","Near Mint","English","","","2022-02-27 02:37:10.851112"
"3","3","Honed Khopesh","Amonkhet","Near Mint","English","","","2022-02-27 02:37:10.842606"
"1","1","Hexplate Golem","Conspiracy: Take the Crown","Near Mint","English","","","2022-02-27 02:37:10.834713"
"8","8","Hedron Crawler","Oath of the Gatewatch","Near Mint","English","","","2022-02-27 02:37:10.825368"
"1","1","Haunted Cloak","Shadows over Innistrad","Near Mint","English","","","2022-02-27 02:37:10.816713"
"4","4","Glassblower's Puzzleknot","Kaladesh","Near Mint","English","","","2022-02-27 02:37:10.806352"
"2","2","Foundry Assembler","Aether Revolt","Near Mint","English","","","2022-02-27 02:37:10.787451"
"6","6","Explosive Apparatus","Shadows over Innistrad","Near Mint","English","","","2022-02-27 02:37:10.766961"
"3","3","Epitaph Golem","Shadows over Innistrad","Near Mint","English","","","2022-02-27 02:37:10.757908"
"5","5","Eager Construct","Kaladesh","Near Mint","English","","","2022-02-27 02:37:10.728691"
"6","6","Dukhara Peafowl","Kaladesh","Near Mint","English","","","2022-02-27 02:37:10.709032"
"2","2","Cultist's Staff","Eldritch Moon","Near Mint","English","","","2022-02-27 02:37:10.688829"
"4","4","Consulate Turret","Aether Revolt","Near Mint","English","","","2022-02-27 02:37:10.679012"
"7","7","Consulate Skygate","Kaladesh","Near Mint","English","","","2022-02-27 02:37:10.652628"
"2","2","Cogworker's Puzzleknot","Kaladesh","Near Mint","English","","","2022-02-27 02:37:10.643850"
"2","2","Bronze Sable","Conspiracy: Take the Crown","Near Mint","English","","","2022-02-27 02:37:10.634941"
"5","5","Bastion Mastodon","Kaladesh","Near Mint","English","","","2022-02-27 02:37:10.617798"
"4","4","Augmenting Automaton","Aether Revolt","Near Mint","English","","","2022-02-27 02:37:10.599719"
"1","1","Atarka Monument","Dragons of Tarkir","Near Mint","English","","","2022-02-27 02:37:10.590281"
"4","4","Aradara Express","Kaladesh","Near Mint","English","","","2022-02-27 02:37:10.580390"
"3","3","Aegis Automaton","Aether Revolt","Near Mint","English","","","2022-02-27 02:37:10.554098"
"6","6","Accomplished Automaton","Kaladesh","Near Mint","English","","","2022-02-27 02:37:10.544266"
"1","1","Abundant Maw","Eldritch Moon","Near Mint","English","","","2022-02-27 02:37:10.518990"
"2","2","Metalwork Colossus","Kaladesh","Near Mint","English","foil","","2022-02-27 02:37:10.509780"
"1","1","Weaver of Currents","Amonkhet","Near Mint","English","","","2022-02-27 02:37:10.498436"
"1","1","Viashino Firstblade","Dragon's Maze","Near Mint","English","","","2022-02-27 02:37:10.489292"
"8","8","Vassal Soul","Return to Ravnica","Near Mint","English","","","2022-02-27 02:37:10.479170"
"1","1","Snowhorn Rider","Khans of Tarkir","Near Mint","English","","","2022-02-27 02:37:10.471100"
"1","1","Silver Drake","Planeshift","Near Mint","English","","","2022-02-27 02:37:10.461015"
"1","1","Secret Plans","Khans of Tarkir","Near Mint","English","","","2022-02-27 02:37:10.451392"
"1","1","Mournwillow","Eldritch Moon","Near Mint","English","","","2022-02-27 02:37:10.438554"
"1","1","Mistmeadow Witch","Modern Masters 2017 Edition","Near Mint","English","","","2022-02-27 02:37:10.429564"
"1","1","Maw of the Obzedat","Dragon's Maze","Near Mint","English","","","2022-02-27 02:37:10.419780"
"1","1","Dimir Guildmage","Modern Masters 2015 Edition","Near Mint","English","","","2022-02-27 02:37:10.410898"
"1","1","Desperate Stand","Journey into Nyx","Near Mint","English","","","2022-02-27 02:37:10.399743"
"3","3","Coiling Oracle","Conspiracy: Take the Crown","Near Mint","English","","","2022-02-27 02:37:10.389241"
"2","2","Auger Spree","Modern Masters 2017 Edition","Near Mint","English","","","2022-02-27 02:37:10.370971"
"1","1","Zealous Strike","Conspiracy: Take the Crown","Near Mint","English","","","2022-02-27 02:37:10.361099"
"2","2","Conviction","Aether Revolt","Near Mint","English","","","2022-02-27 02:37:09.039590"
"4","4","Compulsory Rest","Amonkhet","Near Mint","English","","","2022-02-27 02:37:09.031006"
"6","6","Cliffside Lookout","Battle for Zendikar","Near Mint","English","","","2022-02-27 02:37:09.013575"
"2","2","Chaplain's Blessing","Shadows over Innistrad","Near Mint","English","","","2022-02-27 02:37:08.996210"
"3","3","Caught in the Brights","Aether Revolt","Near Mint","English","","","2022-02-27 02:37:08.977136"
"1","1","Built to Last","Kaladesh","Near Mint","English","","","2022-02-27 02:37:08.945263"
"1","1","Binding Mummy","Amonkhet","Near Mint","English","","","2022-02-27 02:37:08.934244"
"3","3","Aviary Mechanic","Kaladesh","Near Mint","English","","","2022-02-27 02:37:08.923879"
"3","3","Audacious Infiltrator","Aether Revolt","Near Mint","English","","","2022-02-27 02:37:08.914859"
"3","3","Apothecary Geist","Shadows over Innistrad","Near Mint","English","","","2022-02-27 02:37:08.897359"
"2","2","Anointer Priest","Amonkhet","Near Mint","English","","","2022-02-27 02:37:08.871153"
"3","3","Angelic Purge","Shadows over Innistrad","Near Mint","English","","","2022-02-27 02:37:08.861545"
"1","1","Angelic Gift","Battle for Zendikar","Near Mint","English","","","2022-02-27 02:37:08.833472"
"2","2","Angel of Renewal","Battle for Zendikar","Near Mint","English","","","2022-02-27 02:37:08.824398"
"1","1","Ajani's Presence","Journey into Nyx","Near Mint","English","","","2022-02-27 02:37:08.806744"
"1","1","Ainok Bond-Kin","Khans of Tarkir","Near Mint","English","","","2022-02-27 02:37:08.796457"
"8","8","Affa Protector","Oath of the Gatewatch","Near Mint","English","","","2022-02-27 02:37:08.787511"
"3","3","Aether Inspector","Aether Revolt","Near Mint","English","","","2022-02-27 02:37:08.770347"
"1","1","Aegis Angel","Welcome Deck 2016","Good (Lightly Played)","English","","","2022-02-27 02:37:08.754062"
"5","5","Warped Landscape","Shadows over Innistrad","Near Mint","English","","","2022-02-27 02:37:08.738757"
"16","16","Unknown Shores","Oath of the Gatewatch","Near Mint","English","","","2022-02-27 02:37:08.704893"
"1","1","Sunscorched Desert","Amonkhet","Near Mint","English","","","2022-02-27 02:37:08.627603"
"1","1","Stone Quarry","Shadows over Innistrad","Near Mint","English","","","2022-02-27 02:37:08.619069"
"8","8","Holdout Settlement","Oath of the Gatewatch","Near Mint","English","","","2022-02-27 02:37:08.610354"
"1","1","Highland Lake","Shadows over Innistrad","Near Mint","English","","","2022-02-27 02:37:08.543320"
"3","3","Foul Orchard","Shadows over Innistrad","Near Mint","English","","","2022-02-27 02:37:08.534283"
"4","4","Fertile Thicket","Battle for Zendikar","Near Mint","English","","","2022-02-27 02:37:08.508858"
"1","1","Evolving Wilds","Dragons of Tarkir","Near Mint","English","","","2022-02-27 02:37:08.501068"
"4","4","Evolving Wilds","Amonkhet","Near Mint","English","","","2022-02-27 02:37:08.491545"
"2","2","Evolving Wilds","Conspiracy: Take the Crown","Near Mint","English","","","2022-02-27 02:37:08.464085"
"2","2","Evolving Wilds","Magic 2015 Core Set","Near Mint","English","","","2022-02-27 02:37:08.445207"
"3","3","Evolving Wilds","Battle for Zendikar","Near Mint","English","","","2022-02-27 02:37:08.426289"
"9","9","Crumbling Vestige","Oath of the Gatewatch","Near Mint","English","","","2022-02-27 02:37:08.407874"
"3","3","Cinder Barrens","Oath of the Gatewatch","Near Mint","English","","","2022-02-27 02:37:08.366931"
"7","7","Cradle of the Accursed","Amonkhet","Near Mint","English","","","2022-02-27 02:37:08.358202"
"3","3","Blighted Steppe","Battle for Zendikar","Near Mint","English","","","2022-02-27 02:37:08.306386"
"2","2","Blighted Gorge","Battle for Zendikar","Near Mint","English","","","2022-02-27 02:37:08.297571"
"1","1","Azorius Guildgate","Modern Masters 2017 Edition","Near Mint","English","","","2022-02-27 02:37:08.279186"
"1","1","Azorius Guildgate","Dragon's Maze","Near Mint","English","","","2022-02-27 02:37:08.270119"
"1","1","Wrangle","Aether Revolt","Near Mint","English","","","2022-02-27 02:37:08.261068"
"3","3","Welding Sparks","Kaladesh","Near Mint","English","","","2022-02-27 02:37:08.246645"
"3","3","Voldaren Duelist","Shadows over Innistrad","Near Mint","English","","","2022-02-27 02:37:08.219508"
"1","1","Violent Impact","Amonkhet","Near Mint","English","","","2022-02-27 02:37:08.182929"
"4","4","Vildin-Pack Outcast","Eldritch Moon","Near Mint","English","","","2022-02-27 02:37:08.172149"
"5","5","Vestige of Emrakul","Battle for Zendikar","Near Mint","English","","","2022-02-27 02:37:08.162809"
"1","1","Vessel of Volatility","Shadows over Innistrad","Near Mint","English","","","2022-02-27 02:37:08.154645"
"2","2","Valakut Predator","Battle for Zendikar","Near Mint","English","","","2022-02-27 02:37:08.144396"
"5","5","Valakut Invoker","Battle for Zendikar","Near Mint","English","","","2022-02-27 02:37:08.135720"
"2","2","Uncaged Fury","Shadows over Innistrad","Near Mint","English","","","2022-02-27 02:37:08.118142"
"1","1","Ulrich's Kindred","Shadows over Innistrad","Near Mint","English","","","2022-02-27 02:37:08.098740"
"2","2","Tormenting Voice","Amonkhet","Near Mint","English","","","2022-02-27 02:37:08.089562"
"2","2","Tormenting Voice","Conspiracy: Take the Crown","Near Mint","English","","","2022-02-27 02:37:08.071002"
"1","1","Tormenting Voice","Shadows over Innistrad","Near Mint","English","","","2022-02-27 02:37:08.052418"
"7","7","Thriving Grubs","Kaladesh","Near Mint","English","","","2022-02-27 02:37:08.042391"
"4","4","Thresher Lizard","Amonkhet","Near Mint","English","","","2022-02-27 02:37:08.023076"
"3","3","Structural Distortion","Shadows over Innistrad","Near Mint","English","","","2022-02-27 02:37:07.978191"
"2","2","Stoneshock Giant","Conspiracy: Take the Crown","Near Mint","English","","","2022-02-27 02:37:07.949082"
"3","3","Stonefury","Battle for Zendikar","Near Mint","English","","","2022-02-27 02:37:07.928351"
"4","4","Stensia Innkeeper","Eldritch Moon","Near Mint","English","","","2022-02-27 02:37:07.909742"
"2","2","Stensia Banquet","Eldritch Moon","Near Mint","English","","","2022-02-27 02:37:07.846129"
"3","3","Spontaneous Artist","Kaladesh","Near Mint","English","","","2022-02-27 02:37:07.837119"
"2","2","Spiteful Motives","Shadows over Innistrad","Near Mint","English","","","2022-02-27 02:37:07.827405"
"5","5","Spireside Infiltrator","Kaladesh","Near Mint","English","","","2022-02-27 02:37:07.808605"
"8","8","Sparkmage's Gambit","Oath of the Gatewatch","Near Mint","English","","","2022-02-27 02:37:07.797752"
"1","1","Shatter","Khans of Tarkir","Near Mint","English","","","2022-02-27 02:37:07.770292"
"4","4","Senseless Rage","Shadows over Innistrad","Near Mint","English","","","2022-02-27 02:37:07.759919"
"1","1","Satyr Hoplite","Journey into Nyx","Near Mint","English","","","2022-02-27 02:37:07.722153"
"1","1","Sarkhan's Rage","Dragons of Tarkir","Near Mint","English","","","2022-02-27 02:37:07.712271"
"2","2","Sanguinary Mage","Shadows over Innistrad","Near Mint","English","","","2022-02-27 02:37:07.701947"
"3","3","Salivating Gremlins","Kaladesh","Near Mint","English","","","2022-02-27 02:37:07.684524"
"4","4","Rush of Adrenaline","Shadows over Innistrad","Near Mint","English","","","2022-02-27 02:37:07.676369"
"7","7","Ruinous Gremlin","Kaladesh","Near Mint","English","","","2022-02-27 02:37:07.641862"
"3","3","Renegade Tactics","Kaladesh","Near Mint","English","","","2022-02-27 02:37:07.613396"
"1","1","Reduce to Ashes","Shadows over Innistrad","Near Mint","English","","","2022-02-27 02:37:07.597045"
"2","2","Reckless Fireweaver","Kaladesh","Near Mint","English","","","2022-02-27 02:37:07.588294"
"2","2","Ravenous Bloodseeker","Shadows over Innistrad","Near Mint","English","","","2022-02-27 02:37:07.569586"
"1","1","Pyretic Hunter","Conspiracy: Take the Crown","Near Mint","English","","","2022-02-27 02:37:07.551910"
"5","5","Pyre Hound","Shadows over Innistrad","Near Mint","English","","","2022-02-27 02:37:07.543095"
"3","3","Pursue Glory","Amonkhet","Near Mint","English","","","2022-02-27 02:37:07.499406"
"3","3","Precise Strike","Aether Revolt","Near Mint","English","","","2022-02-27 02:37:07.473114"
"2","2","Pathmaker Initiate","Amonkhet","Near Mint","English","","","2022-02-27 02:37:07.456800"
"3","3","Outnumber","Battle for Zendikar","Near Mint","English","","","2022-02-27 02:37:07.439445"
"1","1","Ogre Sentry","Conspiracy: Take the Crown","Near Mint","English","","","2022-02-27 02:37:07.423038"
"6","6","Nettle Drone","Battle for Zendikar","Near Mint","English","","","2022-02-27 02:37:07.413578"
"6","6","Nef-Crop Entangler","Amonkhet","Near Mint","English","","","2022-02-27 02:37:07.405119"
"3","3","Minotaur Sureshot","Amonkhet","Near Mint","English","","","2022-02-27 02:37:07.353687"
"1","1","Manticore of the Gauntlet","Amonkhet","Near Mint","English","","","2022-02-27 02:37:07.327026"
"1","1","Make Mischief","Eldritch Moon","Near Mint","English","","","2022-02-27 02:37:07.317933"
"4","4","Magmatic Chasm","Shadows over Innistrad","Near Mint","English","","","2022-02-27 02:37:07.308310"
"2","2","Mad Prophet","Shadows over Innistrad","Near Mint","English","","","2022-02-27 02:37:07.270020"
"5","5","Lavastep Raider","Battle for Zendikar","Near Mint","English","","","2022-02-27 02:37:07.249944"
"1","1","Lathnu Sailback","Aether Revolt","Near Mint","English","","","2022-02-27 02:37:07.223470"
"2","2","Kiln Fiend","Conspiracy: Take the Crown","Near Mint","English","","","2022-02-27 02:37:07.213626"
"1","1","Plummet","Conspiracy: Take the Crown","Near Mint","English","","","2022-02-27 02:37:12.387025"
"2","2","Pheres-Band Thunderhoof","Journey into Nyx","Near Mint","English","","","2022-02-27 02:37:12.377761"
"1","1","Overrun","Conspiracy: Take the Crown","Near Mint","English","","","2022-02-27 02:37:12.369095"
"6","6","Ornery Kudu","Amonkhet","Near Mint","English","","","2022-02-27 02:37:12.356225"
"3","3","Ornamental Courage","Kaladesh","Near Mint","English","","","2022-02-27 02:37:12.330391"
"6","6","Oashra Cultivator","Amonkhet","Near Mint","English","","","2022-02-27 02:37:12.321971"
"2","2","Kessig Forgemaster","Shadows over Innistrad","Near Mint","English","","","2022-02-27 02:37:07.194922"
"4","4","Insolent Neonate","Shadows over Innistrad","Near Mint","English","","","2022-02-27 02:37:07.177457"
"1","1","Inner Struggle","Shadows over Innistrad","Near Mint","English","","","2022-02-27 02:37:07.143487"
"1","1","Incorrigible Youths","Shadows over Innistrad","Near Mint","English","","","2022-02-27 02:37:07.134194"
"2","2","Ill-Tempered Cyclops","Conspiracy: Take the Crown","Near Mint","English","","","2022-02-27 02:37:07.124587"
"1","1","Gluttonous Cyclops","Journey into Nyx","Near Mint","English","","","2022-02-27 02:37:06.986210"
"1","1","Gibbering Fiend","Shadows over Innistrad","Near Mint","English","","","2022-02-27 02:37:06.976953"
"4","4","Giant Spectacle","Kaladesh","Near Mint","English","","","2022-02-27 02:37:06.967300"
"1","1","Geistblast","Shadows over Innistrad","Near Mint","English","","","2022-02-27 02:37:06.932535"
"1","1","Gatstaf Arsonists","Shadows over Innistrad","Near Mint","English","","","2022-02-27 02:37:06.923270"
"2","2","Garbage Fire","Conspiracy: Take the Crown","Near Mint","English","","","2022-02-27 02:37:06.914448"
"3","3","Frontline Rebel","Aether Revolt","Near Mint","English","","","2022-02-27 02:37:06.897771"
"2","2","Fling","Amonkhet","Near Mint","English","","","2022-02-27 02:37:06.881003"
"6","6","Falkenrath Reaver","Eldritch Moon","Near Mint","English","","","2022-02-27 02:37:06.855877"
"2","2","Emberhorn Minotaur","Amonkhet","Near Mint","English","","","2022-02-27 02:37:06.811701"
"4","4","Ember-Eye Wolf","Shadows over Innistrad","Near Mint","English","","","2022-02-27 02:37:06.791930"
"1","1","Ember Beast","Conspiracy: Take the Crown","Near Mint","English","","","2022-02-27 02:37:06.758321"
"3","3","Electrify","Amonkhet","Near Mint","English","","","2022-02-27 02:37:06.749546"
"4","4","Dual Shot","Shadows over Innistrad","Near Mint","English","","","2022-02-27 02:37:06.723639"
"1","1","Dragon Fodder","Dragons of Tarkir","Near Mint","English","","","2022-02-27 02:37:06.689479"
"2","2","Dissension in the Ranks","Shadows over Innistrad","Near Mint","English","","","2022-02-27 02:37:06.677095"
"7","7","Devour in Flames","Oath of the Gatewatch","Near Mint","English","","","2022-02-27 02:37:06.659885"
"1","1","Deputized Protester","Conspiracy: Take the Crown","Near Mint","English","","","2022-02-27 02:37:06.643618"
"3","3","Demolish","Kaladesh","Near Mint","English","","","2022-02-27 02:37:06.635220"
"3","3","Dance with Devils","Shadows over Innistrad","Near Mint","English","","","2022-02-27 02:37:06.626330"
"1","1","Coordinated Assault","Conspiracy: Take the Crown","Near Mint","English","","","2022-02-27 02:37:06.600445"
"2","2","Convicted Killer","Shadows over Innistrad","Near Mint","English","","","2022-02-27 02:37:06.590030"
"2","2","Cone of Flame","Welcome Deck 2016","Near Mint","English","","","2022-02-27 02:37:06.571297"
"10","10","Cinder Hellion","Oath of the Gatewatch","Near Mint","English","","","2022-02-27 02:37:06.552937"
"5","5","Chandra's Pyrohelix","Kaladesh","Near Mint","English","","","2022-02-27 02:37:06.535368"
"2","2","Cathartic Reunion","Kaladesh","Near Mint","English","","","2022-02-27 02:37:06.516593"
"2","2","Cartouche of Zeal","Amonkhet","Near Mint","English","","","2022-02-27 02:37:06.496844"
"2","2","Built to Smash","Kaladesh","Near Mint","English","","","2022-02-27 02:37:06.477939"
"1","1","Burn Away","Conspiracy: Take the Crown","Near Mint","English","","","2022-02-27 02:37:06.460252"
"5","5","Brute Strength","Amonkhet","Near Mint","English","","","2022-02-27 02:37:06.451353"
"11","11","Brute Strength","Oath of the Gatewatch","Near Mint","English","","","2022-02-27 02:37:06.408691"
"5","5","Brazen Wolves","Eldritch Moon","Near Mint","English","","","2022-02-27 02:37:06.374741"
"4","4","Borderland Marauder","Welcome Deck 2016","Near Mint","English","","","2022-02-27 02:37:06.339879"
"3","3","Boiling Earth","Battle for Zendikar","Near Mint","English","","","2022-02-27 02:37:06.302106"
"4","4","Bloodmad Vampire","Shadows over Innistrad","Near Mint","English","","","2022-02-27 02:37:06.293548"
"4","4","Bloodlust Inciter","Amonkhet","Near Mint","English","","","2022-02-27 02:37:06.258980"
"2","2","Bloodfire Expert","Khans of Tarkir","Near Mint","English","","","2022-02-27 02:37:06.223870"
"1","1","Blood Mist","Eldritch Moon","Near Mint","English","","","2022-02-27 02:37:06.214344"
"3","3","Aether Chaser","Aether Revolt","Near Mint","English","","","2022-02-27 02:37:06.194969"
"1","1","Write into Being","Fate Reforged","Near Mint","English","","","2022-02-27 02:37:06.159047"
"1","1","Wings of Velis Vel","Modern Masters 2015 Edition","Near Mint","English","","","2022-02-27 02:37:06.148431"
"6","6","Winds of Rebuke","Amonkhet","Near Mint","English","","","2022-02-27 02:37:06.138360"
"4","4","Wind Drake","Kaladesh","Near Mint","English","","","2022-02-27 02:37:06.105714"
"4","4","Weldfast Wingsmith","Kaladesh","Near Mint","English","","","2022-02-27 02:37:06.095239"
"5","5","Wave-Wing Elemental","Battle for Zendikar","Near Mint","English","","","2022-02-27 02:37:06.085271"
"1","1","Water Servant","Modern Masters 2015 Edition","Near Mint","English","","","2022-02-27 02:37:06.075173"
"7","7","Vessel of Paramnesia","Shadows over Innistrad","Near Mint","English","","","2022-02-27 02:37:06.064044"
"4","4","Vedalken Blademaster","Kaladesh","Near Mint","English","","","2022-02-27 02:37:06.024768"
"2","2","Vaporkin","Conspiracy: Take the Crown","Near Mint","English","","","2022-02-27 02:37:06.005039"
"1","1","Uninvited Geist","Shadows over Innistrad","Near Mint","English","","","2022-02-27 02:37:05.993600"
"1","1","Uncovered Clues","Dragon's Maze","Near Mint","English","","","2022-02-27 02:37:05.982224"
"14","14","Umara Entangler","Oath of the Gatewatch","Near Mint","English","","","2022-02-27 02:37:05.971180"
"6","6","Turn Aside","Eldritch Moon","Near Mint","English","","","2022-02-27 02:37:05.952419"
"3","3","Trusted Advisor","Saviors of Kamigawa","Near Mint","English","","","2022-02-27 02:37:05.942161"
"1","1","Traumatic Visions","Conspiracy: Take the Crown","Near Mint","English","","","2022-02-27 02:37:05.929291"
"2","2","Tricks of the Trade","Welcome Deck 2017","Near Mint","English","","","2022-02-27 02:37:05.918479"
"6","6","Thriving Turtle","Kaladesh","Near Mint","English","","","2022-02-27 02:37:05.898976"
"1","1","Thoughtcast","Modern Masters 2015 Edition","Near Mint","English","","","2022-02-27 02:37:05.867776"
"7","7","Tezzeret's Ambition","Kaladesh","Near Mint","English","","","2022-02-27 02:37:05.855143"
"2","2","Take Inventory","Eldritch Moon","Near Mint","English","","","2022-02-27 02:37:05.828670"
"4","4","Take into Custody","Aether Revolt","Near Mint","English","","","2022-02-27 02:37:05.820392"
"8","8","Tah-Crop Skirmisher","Amonkhet","Near Mint","English","","","2022-02-27 02:37:05.803153"
"13","13","Sweep Away","Oath of the Gatewatch","Near Mint","English","","","2022-02-27 02:37:05.769043"
"1","1","Sultai Skullkeeper","Fate Reforged","Near Mint","English","","","2022-02-27 02:37:05.760581"
"8","8","Stormrider Spirit","Shadows over Innistrad","Near Mint","English","","","2022-02-27 02:37:05.750702"
"1","1","Stitchwing Skaab","Shadows over Innistrad","Near Mint","English","","","2022-02-27 02:37:05.724121"
"8","8","Stitched Mangler","Shadows over Innistrad","Near Mint","English","","","2022-02-27 02:37:05.714507"
"1","1","Stealer of Secrets","Welcome Deck 2017","Near Mint","English","","","2022-02-27 02:37:05.686549"
"4","4","Statute of Denial","Magic 2015 Core Set","Near Mint","English","","","2022-02-27 02:37:05.676519"
"1","1","Sphinx of Magosi","Welcome Deck 2016","Near Mint","English","","","2022-02-27 02:37:05.668215"
"3","3","Spellweaver Eternal","Hour of Devastation","Near Mint","English","","","2022-02-27 02:37:05.655460"
"2","2","Somber Hoverguard","Modern Masters 2015 Edition","Near Mint","English","","","2022-02-27 02:37:05.637447"
"8","8","Sleep Paralysis","Shadows over Innistrad","Near Mint","English","","","2022-02-27 02:37:05.617967"
"2","2","Skittering Crustacean","Conspiracy: Take the Crown","Near Mint","English","","","2022-02-27 02:37:05.578966"
"9","9","Silent Observer","Shadows over Innistrad","Near Mint","English","","","2022-02-27 02:37:05.561752"
"1","1","Silent Departure","Innistrad","Near Mint","English","","","2022-02-27 02:37:05.536209"
"5","5","Silburlind Snapper","Shadows over Innistrad","Near Mint","English","","","2022-02-27 02:37:05.527368"
"1","1","Shoreline Ranger","Eternal Masters","Near Mint","English","","","2022-02-27 02:37:05.493762"
"3","3","Shipwreck Moray","Aether Revolt","Near Mint","English","","","2022-02-27 02:37:05.484996"
"9","9","Shimmerscale Drake","Amonkhet","Near Mint","English","","","2022-02-27 02:37:05.467873"
"1","1","Separatist Voidmage","Magic Origins","Near Mint","English","","","2022-02-27 02:37:05.416074"
"3","3","Select for Inspection","Kaladesh","Near Mint","English","","","2022-02-27 02:37:05.403402"
"2","2","Seer of the Last Tomorrow","Hour of Devastation","Near Mint","English","","","2022-02-27 02:37:05.384249"
"6","6","Seeker of Insight","Amonkhet","Near Mint","English","","","2022-02-27 02:37:05.374393"
"6","6","Seagraf Skaab","Shadows over Innistrad","Near Mint","English","","","2022-02-27 02:37:05.337402"
"3","3","Scribe of the Mindful","Amonkhet","Near Mint","English","","","2022-02-27 02:37:05.300697"
"1","1","Scatter Arc","Gatecrash","Near Mint","English","","","2022-02-27 02:37:05.292213"
"1","1","Roiling Waters","Oath of the Gatewatch","Near Mint","English","","","2022-02-27 02:37:05.283795"
"4","4","River Serpent","Amonkhet","Near Mint","English","","","2022-02-27 02:37:05.274130"
"2","2","Rise from the Tides","Shadows over Innistrad","Near Mint","English","","","2022-02-27 02:37:05.246457"
"5","5","Revolutionary Rebuff","Kaladesh","Near Mint","English","","","2022-02-27 02:37:05.226813"
"1","1","Rakshasa's Disdain","Fate Reforged","Near Mint","English","","","2022-02-27 02:37:05.218290"
"1","1","Reckless Scholar","Shadows over Innistrad","Near Mint","English","","","2022-02-27 02:37:05.208928"
"9","9","Press for Answers","Shadows over Innistrad","Near Mint","English","","","2022-02-27 02:37:05.197487"
"2","2","Winged Shepherd","Amonkhet","Near Mint","English","","","2022-02-27 02:37:10.349912"
"1","1","Wings of the Guard","Conspiracy: Take the Crown","Near Mint","English","","","2022-02-27 02:37:10.340506"
"4","4","Vessel of Ephemera","Shadows over Innistrad","Near Mint","English","","","2022-02-27 02:37:10.330733"
"4","4","Unwavering Initiate","Amonkhet","Near Mint","English","","","2022-02-27 02:37:10.305914"
"7","7","Unruly Mob","Shadows over Innistrad","Near Mint","English","","","2022-02-27 02:37:10.288978"
"1","1","Unified Front","Battle for Zendikar","Near Mint","English","","","2022-02-27 02:37:10.227270"
"2","2","Throne Warden","Conspiracy: Take the Crown","Near Mint","English","","","2022-02-27 02:37:10.216812"
"1","1","Thriving Ibex","Kaladesh","Near Mint","English","","","2022-02-27 02:37:10.208370"
"3","3","Thraben Standard Bearer","Eldritch Moon","Near Mint","English","","","2022-02-27 02:37:10.194277"
"4","4","Those Who Serve","Amonkhet","Near Mint","English","","","2022-02-27 02:37:10.174857"
"1","1","Tenacity","Shadows over Innistrad","Near Mint","English","","","2022-02-27 02:37:10.166468"
"4","4","Tasseled Dromedary","Kaladesh","Near Mint","English","","","2022-02-27 02:37:10.156455"
"5","5","Tah-Crop Elite","Amonkhet","Near Mint","English","","","2022-02-27 02:37:10.147666"
"4","4","Survive the Night","Shadows over Innistrad","Near Mint","English","","","2022-02-27 02:37:10.129887"
"2","2","Supply Caravan","Amonkhet","Near Mint","English","","","2022-02-27 02:37:10.095876"
"2","2","Strength of Arms","Shadows over Innistrad","Near Mint","English","","","2022-02-27 02:37:10.087396"
"1","1","Stern Constable","Shadows over Innistrad","Near Mint","English","","","2022-02-27 02:37:10.069754"
"2","2","Steadfast Cathar","Eldritch Moon","Near Mint","English","","","2022-02-27 02:37:10.060647"
"1","1","Spectral Shepherd","Shadows over Innistrad","Near Mint","English","","","2022-02-27 02:37:10.052337"
"2","2","Spectral Reserves","Eldritch Moon","Near Mint","English","","","2022-02-27 02:37:10.043434"
"5","5","Sparring Mummy","Amonkhet","Near Mint","English","","","2022-02-27 02:37:10.033741"
"3","3","Smite the Monstrous","Battle for Zendikar","Near Mint","English","","","2022-02-27 02:37:10.007526"
"1","1","Silverstrike","Shadows over Innistrad","Near Mint","English","","","2022-02-27 02:37:09.989825"
"2","2","Sigardian Priest","Eldritch Moon","Near Mint","English","","","2022-02-27 02:37:09.980656"
"1","1","Shieldhide Dragon","Dragons of Tarkir","Near Mint","English","","","2022-02-27 02:37:09.972250"
"1","1","Serra Angel","Welcome Deck 2016","Near Mint","English","","","2022-02-27 02:37:09.963435"
"6","6","Rhet-Crop Spearmaster","Amonkhet","Near Mint","English","","","2022-02-27 02:37:09.952586"
"6","6","Revoke Privileges","Kaladesh","Near Mint","English","","","2022-02-27 02:37:09.914611"
"2","2","Protection of the Hekma","Amonkhet","Near Mint","English","","","2022-02-27 02:37:09.888934"
"5","5","Pressure Point","Kaladesh","Near Mint","English","","","2022-02-27 02:37:09.880499"
"4","4","Oppressive Rays","Journey into Nyx","Near Mint","English","","","2022-02-27 02:37:09.871806"
"4","4","Ondu Rising","Battle for Zendikar","Near Mint","English","","","2022-02-27 02:37:09.863488"
"1","1","Noble Banneret","Conspiracy: Take the Crown","Near Mint","English","","","2022-02-27 02:37:09.855545"
"2","2","Ninth Bridge Patrol","Kaladesh","Near Mint","English","","","2022-02-27 02:37:09.846754"
"2","2","Moorland Drifter","Shadows over Innistrad","Near Mint","English","","","2022-02-27 02:37:09.838201"
"4","4","Mighty Leap","Oath of the Gatewatch","Near Mint","English","","","2022-02-27 02:37:09.820305"
"2","2","Mighty Leap","Amonkhet","Near Mint","English","","","2022-02-27 02:37:09.785612"
"1","1","Marked by Honor","Welcome Deck 2016","Near Mint","English","","","2022-02-27 02:37:09.766882"
"4","4","Makindi Patrol","Battle for Zendikar","Near Mint","English","","","2022-02-27 02:37:09.757149"
"9","9","Makindi Aeronaut","Oath of the Gatewatch","Near Mint","English","","","2022-02-27 02:37:09.748322"
"1","1","Lieutenants of the Guard","Conspiracy: Take the Crown","Near Mint","English","","","2022-02-27 02:37:09.731849"
"6","6","Kitesail Scout","Battle for Zendikar","Near Mint","English","","","2022-02-27 02:37:09.722327"
"2","2","Kill Shot","Conspiracy: Take the Crown","Near Mint","English","","","2022-02-27 02:37:09.714098"
"4","4","Ironwright's Cleansing","Eldritch Moon","Near Mint","English","","","2022-02-27 02:37:09.705766"
"5","5","Inspiring Captain","Shadows over Innistrad","Near Mint","English","","","2022-02-27 02:37:09.687486"
"4","4","Inspired Charge","Kaladesh","Near Mint","English","","","2022-02-27 02:37:09.649720"
"3","3","In Oketra's Name","Amonkhet","Near Mint","English","","","2022-02-27 02:37:09.638810"
"5","5","Impeccable Timing","Amonkhet","Near Mint","English","","","2022-02-27 02:37:09.628691"
"5","5","Impeccable Timing","Kaladesh","Near Mint","English","","","2022-02-27 02:37:09.607133"
"3","3","Herald of the Fair","Kaladesh","Near Mint","English","","","2022-02-27 02:37:09.597282"
"1","1","Hail of Arrows","Conspiracy: Take the Crown","Near Mint","English","","","2022-02-27 02:37:09.565248"
"4","4","Gust Walker","Amonkhet","Near Mint","English","","","2022-02-27 02:37:09.553178"
"1","1","Gods Willing","Conspiracy: Take the Crown","Near Mint","English","","","2022-02-27 02:37:09.532749"
"3","3","Glint-Sleeve Artisan","Kaladesh","Near Mint","English","","","2022-02-27 02:37:09.521161"
"1","1","Gleam of Resistance","Conspiracy: Take the Crown","Near Mint","English","","","2022-02-27 02:37:09.501290"
"7","7","Gideon's Reproach","Battle for Zendikar","Near Mint","English","","","2022-02-27 02:37:09.489249"
"1","1","Ghostly Possession","Conspiracy: Take the Crown","Near Mint","English","","","2022-02-27 02:37:09.468433"
"1","1","Fragmentize","Kaladesh","Near Mint","English","","","2022-02-27 02:37:09.457411"
"2","2","Forsake the Worldly","Amonkhet","Near Mint","English","","","2022-02-27 02:37:09.444713"
"3","3","Fiend Binder","Eldritch Moon","Near Mint","English","","","2022-02-27 02:37:09.435952"
"5","5","Fan Bearer","Amonkhet","Near Mint","English","","","2022-02-27 02:37:09.425079"
"2","2","Faithbearer Paladin","Eldritch Moon","Near Mint","English","","","2022-02-27 02:37:09.393771"
"1","1","Expose Evil","Shadows over Innistrad","Near Mint","English","","","2022-02-27 02:37:09.384141"
"3","3","Ethereal Guidance","Shadows over Innistrad","Near Mint","English","","","2022-02-27 02:37:09.372784"
"6","6","Eddytrail Hawk","Kaladesh","Near Mint","English","","","2022-02-27 02:37:09.341885"
"5","5","Djeru's Resolve","Amonkhet","Near Mint","English","","","2022-02-27 02:37:09.308904"
"2","2","Disenchant","Conspiracy: Take the Crown","Near Mint","English","","","2022-02-27 02:37:09.276982"
"6","6","Devilthorn Fox","Shadows over Innistrad","Near Mint","English","","","2022-02-27 02:37:09.254898"
"7","7","Desperate Sentry","Eldritch Moon","Near Mint","English","","","2022-02-27 02:37:09.190886"
"5","5","Decommission","Aether Revolt","Near Mint","English","","","2022-02-27 02:37:09.165699"
"2","2","Dawnfeather Eagle","Aether Revolt","Near Mint","English","","","2022-02-27 02:37:09.149014"
"4","4","Dawn Gryff","Eldritch Moon","Near Mint","English","","","2022-02-27 02:37:09.128751"
"1","1","Dauntless Cathar","Shadows over Innistrad","Near Mint","English","","","2022-02-27 02:37:09.111961"
"2","2","Custodi Peacekeeper","Conspiracy: Take the Crown","Near Mint","English","","","2022-02-27 02:37:09.102164"
"6","6","Courier Griffin","Battle for Zendikar","Near Mint","English","","","2022-02-27 02:37:09.081654"
"4","4","Courageous Outrider","Eldritch Moon","Near Mint","English","","","2022-02-27 02:37:09.056569"
"2","2","Pore Over the Pages","Shadows over Innistrad","Near Mint","English","","","2022-02-27 02:37:05.164151"
"2","2","Pin to the Earth","Journey into Nyx","Near Mint","English","","","2022-02-27 02:37:05.145794"
"1","1","Petals of Insight","Modern Masters","Near Mint","English","","","2022-02-27 02:37:05.137720"
"1","1","Paragon of Gathering Mists","Magic 2015 Core Set","Near Mint","English","","","2022-02-27 02:37:05.128951"
"1","1","Overwhelming Intellect","Duel Decks: Izzet vs. Golgari","Near Mint","English","","","2022-02-27 02:37:05.119598"
"1","1","Ongoing Investigation","Shadows over Innistrad","Near Mint","English","","","2022-02-27 02:37:05.110429"
"2","2","Negate","Aether Revolt","Near Mint","English","","","2022-02-27 02:37:05.016515"
"1","1","Negate","Conspiracy: Take the Crown","Near Mint","English","","","2022-02-27 02:37:04.998362"
"5","5","Nagging Thoughts","Shadows over Innistrad","Near Mint","English","","","2022-02-27 02:37:04.988488"
"4","4","Naga Oracle","Amonkhet","Near Mint","English","","","2022-02-27 02:37:04.971784"
"5","5","Murk Strider","Battle for Zendikar","Near Mint","English","","","2022-02-27 02:37:04.943099"
"2","2","Messenger Jays","Conspiracy: Take the Crown","Near Mint","English","","","2022-02-27 02:37:04.930987"
"1","1","Manic Scribe","Shadows over Innistrad","Near Mint","English","","","2022-02-27 02:37:04.913325"
"1","1","Man-o'-War","Eternal Masters","Near Mint","English","","","2022-02-27 02:37:04.904590"
"4","4","Malfunction","Kaladesh","Near Mint","English","","","2022-02-27 02:37:04.892722"
"1","1","Lotus Path Djinn","Fate Reforged","Near Mint","English","","","2022-02-27 02:37:04.851555"
"6","6","Leave in the Dust","Aether Revolt","Near Mint","English","","","2022-02-27 02:37:04.842743"
"4","4","Lamplighter of Selhoff","Shadows over Innistrad","Near Mint","English","","","2022-02-27 02:37:04.826078"
"12","12","Jwar Isle Avenger","Oath of the Gatewatch","Near Mint","English","","","2022-02-27 02:37:04.817950"
"10","10","Just the Wind","Shadows over Innistrad","Near Mint","English","","","2022-02-27 02:37:04.809642"
"1","1","Jeskai Sage","Fate Reforged","Near Mint","English","","","2022-02-27 02:37:04.793666"
"2","2","Jeering Homunculus","Conspiracy: Take the Crown","Near Mint","English","","","2022-02-27 02:37:04.784461"
"8","8","Jace's Scrutiny","Shadows over Innistrad","Near Mint","English","","","2022-02-27 02:37:04.766642"
"1","1","Invasive Surgery","Shadows over Innistrad","Near Mint","English","","","2022-02-27 02:37:04.757582"
"2","2","Ingenious Skaab","Eldritch Moon","Near Mint","English","","","2022-02-27 02:37:04.747530"
"6","6","Illusory Wrappings","Amonkhet","Near Mint","English","","","2022-02-27 02:37:04.738392"
"1","1","Illusory Angel","Magic 2015 Core Set","Near Mint","English","","","2022-02-27 02:37:04.711511"
"3","3","Ice Over","Aether Revolt","Near Mint","English","","","2022-02-27 02:37:04.700862"
"4","4","Hightide Hermit","Kaladesh","Near Mint","English","","","2022-02-27 02:37:04.683544"
"4","4","Hekma Sentinels","Amonkhet","Near Mint","English","","","2022-02-27 02:37:04.666344"
"1","1","Headwater Sentries","Ixalan","Near Mint","English","","","2022-02-27 02:37:04.658109"
"5","5","Gone Missing","Shadows over Innistrad","Near Mint","English","","","2022-02-27 02:37:04.648800"
"4","4","Glint","Dragons of Tarkir","Near Mint","English","","","2022-02-27 02:37:04.640618"
"7","7","Ghostly Wings","Shadows over Innistrad","Near Mint","English","","","2022-02-27 02:37:04.632205"
"8","8","Furtive Homunculus","Shadows over Innistrad","Near Mint","English","","","2022-02-27 02:37:04.623564"
"2","2","Fortune's Favor","Eldritch Moon","Near Mint","English","","","2022-02-27 02:37:04.597126"
"1","1","Fogwalker","Eldritch Moon","Near Mint","English","","","2022-02-27 02:37:04.580093"
"7","7","Floodwaters","Amonkhet","Near Mint","English","","","2022-02-27 02:37:04.570527"
"2","2","Fleeting Distraction","Conspiracy: Take the Crown","Near Mint","English","","","2022-02-27 02:37:04.536980"
"1","1","Familiar's Ruse","Modern Masters 2017 Edition","Near Mint","English","","","2022-02-27 02:37:04.519136"
"3","3","Failed Inspection","Kaladesh","Near Mint","English","","","2022-02-27 02:37:04.510542"
"5","5","Exultant Cultist","Eldritch Moon","Near Mint","English","","","2022-02-27 02:37:04.493762"
"1","1","Essence Scatter","Amonkhet","Near Mint","English","","","2022-02-27 02:37:04.486016"
"3","3","Enlightened Maniac","Eldritch Moon","Near Mint","English","","","2022-02-27 02:37:04.476535"
"2","2","Drunau Corpse Trawler","Shadows over Innistrad","Near Mint","English","","","2022-02-27 02:37:04.467447"
"11","11","Drownyard Explorers","Shadows over Innistrad","Near Mint","English","","","2022-02-27 02:37:04.459027"
"4","4","Drag Under","Eldritch Moon","Near Mint","English","","","2022-02-27 02:37:04.406732"
"5","5","Displace","Eldritch Moon","Near Mint","English","","","2022-02-27 02:37:04.381831"
"1","1","Disperse","Welcome Deck 2016","Near Mint","English","","","2022-02-27 02:37:04.347426"
"3","3","Dispersal Technician","Aether Revolt","Near Mint","English","","","2022-02-27 02:37:04.338374"
"2","2","Dismiss","Conspiracy: Take the Crown","Near Mint","English","","","2022-02-27 02:37:04.321802"
"8","8","Deny Existence","Shadows over Innistrad","Near Mint","English","","","2022-02-27 02:37:04.300704"
"1","1","Decision Paralysis","Amonkhet","Near Mint","English","","","2022-02-27 02:37:04.259256"
"5","5","Curio Vendor","Kaladesh","Near Mint","English","","","2022-02-27 02:37:04.249458"
"1","1","Crippling Chill","Khans of Tarkir","Near Mint","English","","","2022-02-27 02:37:04.241135"
"3","3","Coveted Peacock","Conspiracy: Take the Crown","Near Mint","English","","","2022-02-27 02:37:04.229955"
"1","1","Countervailing Winds","Hour of Devastation","Near Mint","English","","","2022-02-27 02:37:04.213567"
"3","3","Coralhelm Guide","Battle for Zendikar","Near Mint","English","","","2022-02-27 02:37:04.203965"
"1","1","Contingency Plan","Eldritch Moon","Near Mint","English","","","2022-02-27 02:37:04.195985"
"5","5","Compelling Deterrence","Shadows over Innistrad","Near Mint","English","","","2022-02-27 02:37:04.184726"
"7","7","Compelling Argument","Amonkhet","Near Mint","English","","","2022-02-27 02:37:04.151394"
"3","3","Clutch of Currents","Battle for Zendikar","Near Mint","English","","","2022-02-27 02:37:04.125590"
"3","3","Cloud Manta","Battle for Zendikar","Near Mint","English","","","2022-02-27 02:37:04.107286"
"1","1","Cloaked Siren","Conspiracy: Take the Crown","Near Mint","English","","","2022-02-27 02:37:04.099448"
"6","6","Catalog","Shadows over Innistrad","Near Mint","English","","","2022-02-27 02:37:04.090160"
"9","9","Cancel","Amonkhet","Near Mint","English","","","2022-02-27 02:37:04.064800"
"4","4","Bonds of Quicksilver","Conspiracy: Take the Crown","Near Mint","English","","","2022-02-27 02:37:04.019964"
"6","6","Aven Initiate","Amonkhet","Near Mint","English","","","2022-02-27 02:37:03.993935"
"3","3","Anticipate","Battle for Zendikar","Near Mint","English","","","2022-02-27 02:37:03.977372"
"5","5","Ancient Crab","Amonkhet","Near Mint","English","","","2022-02-27 02:37:03.968602"
"14","14","Ancient Crab","Oath of the Gatewatch","Near Mint","English","","","2022-02-27 02:37:03.931829"
"1","1","Air Servant","Welcome Deck 2016","Near Mint","English","","","2022-02-27 02:37:03.910420"
"1","1","Air Elemental","Welcome Deck 2017","Near Mint","English","","","2022-02-27 02:37:03.900889"
"7","7","Aether Tradewinds","Kaladesh","Near Mint","English","","","2022-02-27 02:37:03.890951"
"5","5","Aether Swooper","Aether Revolt","Near Mint","English","","","2022-02-27 02:37:03.868821"
"3","3","Aerial Guide","Hour of Devastation","Near Mint","English","","","2022-02-27 02:37:03.848491"
"1","1","Aerial Formation","Journey into Nyx","Near Mint","English","","","2022-02-27 02:37:03.839613"
"2","2","Advanced Stitchwing","Eldritch Moon","Near Mint","English","","","2022-02-27 02:37:03.829251"
"5","5","Weirded Vampire","Eldritch Moon","Near Mint","English","","","2022-02-27 02:37:03.820611"
"7","7","Wasteland Scorpion","Amonkhet","Near Mint","English","","","2022-02-27 02:37:03.812311"
"2","2","Walking Corpse","Welcome Deck 2016","Near Mint","English","","","2022-02-27 02:37:03.795226"
"2","2","Vessel of Malignity","Shadows over Innistrad","Near Mint","English","","","2022-02-27 02:37:03.776696"
"8","8","Vampire Noble","Shadows over Innistrad","Near Mint","English","","","2022-02-27 02:37:03.767904"
"10","10","Untamed Hunger","Oath of the Gatewatch","Near Mint","English","","","2022-02-27 02:37:03.733287"
"4","4","Unburden","Amonkhet","Near Mint","English","","","2022-02-27 02:37:03.724479"
"4","4","Twins of Maurer Estate","Shadows over Innistrad","Near Mint","English","","","2022-02-27 02:37:03.677952"
"3","3","Throttle","Shadows over Innistrad","Near Mint","English","","","2022-02-27 02:37:03.669220"
"7","7","Trespasser's Curse","Amonkhet","Near Mint","English","","","2022-02-27 02:37:03.660681"
"1","1","Tooth Collector","Shadows over Innistrad","Near Mint","English","","","2022-02-27 02:37:03.605850"
"3","3","Tidy Conclusion","Kaladesh","Near Mint","English","","","2022-02-27 02:37:03.595801"
"2","2","Throttle","Khans of Tarkir","Near Mint","English","","","2022-02-27 02:37:03.578422"
"4","4","Thriving Rats","Kaladesh","Near Mint","English","","","2022-02-27 02:37:03.569520"
"11","11","Tar Snare","Oath of the Gatewatch","Near Mint","English","","","2022-02-27 02:37:03.552473"
"1","1","Supernatural Stamina","Amonkhet","Near Mint","English","","","2022-02-27 02:37:03.543813"
"1","1","Succumb to Temptation","Eldritch Moon","Near Mint","English","","","2022-02-27 02:37:03.532975"
"2","2","Stromkirk Patrol","Conspiracy: Take the Crown","Near Mint","English","","","2022-02-27 02:37:03.523868"
"4","4","Stromkirk Mentor","Shadows over Innistrad","Near Mint","English","","","2022-02-27 02:37:03.515225"
"3","3","Strange Augmentation","Eldritch Moon","Near Mint","English","","","2022-02-27 02:37:03.506504"
"4","4","Stallion of Ashmouth","Shadows over Innistrad","Near Mint","English","","","2022-02-27 02:37:03.497566"
"5","5","Splendid Agony","Amonkhet","Near Mint","English","","","2022-02-27 02:37:03.479025"
"5","5","Soulstinger","Amonkhet","Near Mint","English","","","2022-02-27 02:37:03.461603"
"4","4","Sludge Crawler","Battle for Zendikar","Near Mint","English","","","2022-02-27 02:37:03.444687"
"3","3","Skirsdag Supplicant","Eldritch Moon","Near Mint","English","","","2022-02-27 02:37:03.436679"
"2","2","Sinister Concoction","Shadows over Innistrad","Near Mint","English","","","2022-02-27 02:37:03.428214"
"1","1","Shambling Goblin","Conspiracy: Take the Crown","Near Mint","English","","","2022-02-27 02:37:03.420306"
"8","8","Scarab Feast","Amonkhet","Near Mint","English","","","2022-02-27 02:37:03.410911"
"4","4","Sanitarium Skeleton","Shadows over Innistrad","Near Mint","English","","","2022-02-27 02:37:03.392694"
"3","3","Rush of Vitality","Kaladesh","Near Mint","English","","","2022-02-27 02:37:03.366567"
"3","3","Rotting Mastodon","Khans of Tarkir","Near Mint","English","","","2022-02-27 02:37:03.350139"
"4","4","Rottenheart Ghoul","Shadows over Innistrad","Near Mint","English","","","2022-02-27 02:37:03.341885"
"1","1","Rise from the Grave","Eldritch Moon","Near Mint","English","","","2022-02-27 02:37:03.323900"
"3","3","Renegade's Getaway","Aether Revolt","Near Mint","English","","","2022-02-27 02:37:03.306183"
"4","4","Regicide","Conspiracy: Take the Crown","Near Mint","English","","","2022-02-27 02:37:03.287879"
"7","7","Hulking Devil","Shadows over Innistrad","Near Mint","English","","","2022-02-27 02:37:07.106491"
"2","2","Howlpack Wolf","Shadows over Innistrad","Near Mint","English","","","2022-02-27 02:37:07.047729"
"1","1","Goblin Tunneler","Conspiracy: Take the Crown","Near Mint","English","","","2022-02-27 02:37:07.031074"
"1","1","Goblin Racketeer","Conspiracy: Take the Crown","Near Mint","English","","","2022-02-27 02:37:07.022631"
"3","3","Goblin Balloon Brigade","Conspiracy: Take the Crown","Near Mint","English","","","2022-02-27 02:37:07.013491"
"6","6","Rancid Rats","Shadows over Innistrad","Near Mint","English","","","2022-02-27 02:37:03.263408"
"1","1","Raise Dead","Conspiracy: Take the Crown","Near Mint","English","","","2022-02-27 02:37:03.237921"
"7","7","Prakhata Club Security","Kaladesh","Near Mint","English","","","2022-02-27 02:37:03.229205"
"5","5","Pitiless Vizier","Amonkhet","Near Mint","English","","","2022-02-27 02:37:03.221124"
"1","1","Groundbreaker","Planar Chaos","Near Mint","English","foil","","2022-02-27 02:37:00.789489"
"1","1","Mishra's Bauble","Iconic Masters","Near Mint","English","foil","","2022-02-27 02:37:00.770247"
"1","1","Radiant Fountain","Iconic Masters","Near Mint","English","foil","","2022-02-27 02:37:00.757689"
"1","1","Nekrataal","Eternal Masters","Near Mint","English","foil","","2022-02-27 02:37:00.747130"
"1","1","Crucible of the Spirit Dragon","Fate Reforged","Near Mint","English","foil","","2022-02-27 02:37:00.737203"
"1","1","Emissary of the Sleepless","Shadows over Innistrad","Near Mint","English","foil","","2022-02-27 02:37:00.728558"
"1","1","Burn from Within","Shadows over Innistrad","Near Mint","English","foil","","2022-02-27 02:37:00.719363"
"1","1","Reduce to Ashes","Shadows over Innistrad","Near Mint","English","foil","","2022-02-27 02:37:00.708861"
"1","1","Midnight Entourage","Aether Revolt","Near Mint","English","foil","","2022-02-27 02:37:00.699181"
"2","2","Conviction","Aether Revolt","Near Mint","English","foil","","2022-02-27 02:37:00.689413"
"2","2","Ainok Artillerist","Dragons of Tarkir","Near Mint","English","foil","","2022-02-27 02:37:00.680974"
"1","1","Blighted Bat","Amonkhet","Near Mint","English","foil","","2022-02-27 02:37:00.672637"
"1","1","Spontaneous Artist","Kaladesh","Near Mint","English","foil","","2022-02-27 02:37:00.663198"
"1","1","Bonds of Quicksilver","Conspiracy: Take the Crown","Near Mint","English","foil","","2022-02-27 02:37:00.654919"
"1","1","Gibbering Fiend","Shadows over Innistrad","Near Mint","English","foil","","2022-02-27 02:37:00.645805"
"1","1","Makindi Patrol","Battle for Zendikar","Near Mint","English","foil","","2022-02-27 02:37:00.636640"
"1","1","Painful Truths","Battle for Zendikar","Near Mint","English","","","2022-02-27 02:37:00.628282"
"1","1","Umara Entangler","Oath of the Gatewatch","Near Mint","English","foil","","2022-02-27 02:37:00.615593"
"1","1","Wee Dragonauts","Guildpact","Near Mint","English","","","2022-02-27 02:37:00.606841"
"2","2","Faith of the Devoted","Amonkhet","Near Mint","English","","","2022-02-27 02:37:00.577931"
"10","10","Dragon Token","Magic 2014 Core Set","Near Mint","English","","","2022-02-27 02:37:00.568877"
"2","2","Grixis Panorama","Shards of Alara","Near Mint","English","foil","","2022-02-27 02:37:00.550490"
"1","1","Darksteel Axe","Iconic Masters","Near Mint","English","foil","","2022-02-27 02:37:00.536003"
"1","1","Nephalia Academy","Eldritch Moon","Near Mint","English","foil","","2022-02-27 02:37:00.515935"
"1","1","Everflowing Chalice","Modern Masters 2015 Edition","Near Mint","English","foil","","2022-02-27 02:37:00.505737"
"1","1","Rosheen Meanderer","Iconic Masters","Near Mint","English","foil","","2022-02-27 02:37:00.491574"
"1","1","Shimmering Grotto","Iconic Masters","Near Mint","English","foil","","2022-02-27 02:37:00.482484"
"1","1","Manakin","Iconic Masters","Near Mint","English","foil","","2022-02-27 02:37:00.468396"
"3","3","Thoughtcast","Modern Masters 2015 Edition","Near Mint","English","foil","","2022-02-27 02:37:00.454586"
"1","1","Wight of Precinct Six","Gatecrash","Near Mint","English","foil","","2022-02-27 02:37:00.436505"
"4","4","Merrow Levitator","Eventide","Near Mint","English","","","2022-02-27 02:37:00.424736"
"1","1","Riptide Chimera","Journey into Nyx","Near Mint","English","foil","","2022-02-27 02:37:00.389240"
"3","3","Cryptolith Rite","Shadows over Innistrad","Near Mint","English","","","2022-02-27 02:37:00.373049"
"1","1","Prismatic Lens","Time Spiral ""Timeshifted""","Good (Lightly Played)","English","foil","","2022-02-27 02:37:00.344905"
"1","1","Ticking Gnomes","Eternal Masters","Near Mint","English","foil","","2022-02-27 02:37:00.334183"
"1","1","Corrupted Crossroads","Oath of the Gatewatch","Near Mint","English","foil","","2022-02-27 02:37:00.321890"
"1","1","Awaken the Bear","Khans of Tarkir","Near Mint","English","","","2022-02-27 02:37:00.311024"
"5","5","Atarka Beastbreaker","Dragons of Tarkir","Near Mint","English","","","2022-02-27 02:37:00.300743"
"1","1","Aspect of Hydra","Born of the Gods","Near Mint","English","","","2022-02-27 02:37:00.257228"
"3","3","Archers' Parapet","Khans of Tarkir","Near Mint","English","","","2022-02-27 02:37:00.246966"
"4","4","Archers of Qarsi","Fate Reforged","Near Mint","English","","","2022-02-27 02:37:00.220987"
"1","1","Appetite for the Unnatural","Kaladesh","Near Mint","English","","","2022-02-27 02:37:00.183316"
"1","1","Ambush Krotiq","Fate Reforged","Near Mint","English","","","2022-02-27 02:37:00.173990"
"2","2","Ambuscade","Hour of Devastation","Near Mint","English","","","2022-02-27 02:37:00.164796"
"2","2","Alpine Grizzly","Khans of Tarkir","Near Mint","English","","","2022-02-27 02:37:00.154606"
"1","1","Ainok Guide","Fate Reforged","Near Mint","English","","","2022-02-27 02:37:00.133941"
"2","2","Ainok Artillerist","Dragons of Tarkir","Near Mint","English","","","2022-02-27 02:37:00.122773"
"1","1","Agent of Horizons","Theros","Near Mint","English","","","2022-02-27 02:37:00.038713"
"10","10","Aerie Bowmasters","Dragons of Tarkir","Near Mint","English","","","2022-02-27 02:37:00.026647"
"5","5","Byway Courier","Shadows over Innistrad","Near Mint","English","","","2022-02-27 02:36:59.932203"
"6","6","Culling Mark","Born of the Gods","Near Mint","English","","","2022-02-27 02:36:59.849340"
"2","2","Conifer Strider","Dragons of Tarkir","Near Mint","English","","","2022-02-27 02:36:59.757043"
"4","4","Colossodon Yearling","Dragons of Tarkir","Near Mint","English","","","2022-02-27 02:36:59.728866"
"2","2","Charging Rhino","Magic 2015 Core Set","Near Mint","English","","","2022-02-27 02:36:59.682648"
"5","5","Charging Badger","Born of the Gods","Near Mint","English","","","2022-02-27 02:36:59.663000"
"13","13","Canopy Gorger","Oath of the Gatewatch","Near Mint","English","","","2022-02-27 02:36:59.618702"
"3","3","Druid's Deliverance","Return to Ravnica","Near Mint","English","","","2022-02-27 02:36:59.526323"
"5","5","Dragonscale Boon","Khans of Tarkir","Near Mint","English","","","2022-02-27 02:36:59.495800"
"1","1","Desecration Plague","Journey into Nyx","Near Mint","English","","","2022-02-27 02:36:59.436196"
"2","2","Defend the Hearth","Theros","Near Mint","English","","","2022-02-27 02:36:59.427121"
"12","12","Elemental Uprising","Oath of the Gatewatch","Near Mint","English","","","2022-02-27 02:36:59.376900"
"1","1","Frontier Mastodon","Fate Reforged","Near Mint","English","","","2022-02-27 02:36:59.293400"
"3","3","Formless Nurturing","Fate Reforged","Near Mint","English","","","2022-02-27 02:36:59.283503"
"3","3","Font of Fertility","Journey into Nyx","Near Mint","English","","","2022-02-27 02:36:59.238047"
"1","1","Feral Krushok","Fate Reforged","Near Mint","English","","","2022-02-27 02:36:59.227921"
"2","2","Feed the Clan","Khans of Tarkir","Near Mint","English","","","2022-02-27 02:36:59.216123"
"8","8","Fade into Antiquity","Theros","Near Mint","English","","","2022-02-27 02:36:59.196381"
"4","4","Guardian Shield-Bearer","Dragons of Tarkir","Near Mint","English","","","2022-02-27 02:36:59.170520"
"1","1","Golden Hind","Journey into Nyx","Near Mint","English","","","2022-02-27 02:36:59.137873"
"5","5","Glade Watcher","Dragons of Tarkir","Near Mint","English","","","2022-02-27 02:36:59.128906"
"7","7","Hunt the Weak","Magic 2015 Core Set","Near Mint","English","","","2022-02-27 02:36:59.059594"
"3","3","Hunter's Ambush","Magic 2015 Core Set","Near Mint","English","","","2022-02-27 02:36:59.043199"
"2","2","Humbler of Mortals","Journey into Nyx","Near Mint","English","","","2022-02-27 02:36:58.971046"
"1","1","Omenspeaker","Conspiracy: Take the Crown","Near Mint","English","","","2022-02-27 02:37:05.100387"
"3","3","Nimble Innovator","Kaladesh","Near Mint","English","","","2022-02-27 02:37:05.090822"
"11","11","Niblis of Dusk","Shadows over Innistrad","Near Mint","English","","","2022-02-27 02:37:05.070512"
"3","3","Highland Game","Khans of Tarkir","Near Mint","English","","","2022-02-27 02:36:58.905693"
"4","4","Harrier Naga","Hour of Devastation","Near Mint","English","","","2022-02-27 02:36:58.872625"
"3","3","Invasive Species","Magic 2015 Core Set","Near Mint","English","","","2022-02-27 02:36:58.850979"
"1","1","Smoke Teller","Khans of Tarkir","Near Mint","English","","","2022-02-27 02:36:57.233762"
"5","5","Siege Wurm","Magic 2015 Core Set","Near Mint","English","","","2022-02-27 02:36:57.224381"
"2","2","Sidewinder Naga","Hour of Devastation","Near Mint","English","","","2022-02-27 02:36:57.175899"
"3","3","Sheltered Aerie","Dragons of Tarkir","Near Mint","English","","","2022-02-27 02:36:57.167296"
"4","4","Shape the Sands","Dragons of Tarkir","Near Mint","English","","","2022-02-27 02:36:57.117329"
"2","2","Shaman of Spring","Magic 2015 Core Set","Near Mint","English","","","2022-02-27 02:36:57.100680"
"7","7","Setessan Starbreaker","Born of the Gods","Near Mint","English","","","2022-02-27 02:36:57.075036"
"8","8","Setessan Oathsworn","Born of the Gods","Near Mint","English","","","2022-02-27 02:36:57.018104"
"3","3","Servant of the Scale","Dragons of Tarkir","Near Mint","English","","","2022-02-27 02:36:56.950410"
"4","4","Segmented Krotiq","Dragons of Tarkir","Near Mint","English","","","2022-02-27 02:36:56.920675"
"5","5","Scout the Borders","Khans of Tarkir","Near Mint","English","","","2022-02-27 02:36:56.885891"
"13","13","Scion Summoner","Oath of the Gatewatch","Near Mint","English","","","2022-02-27 02:36:56.852097"
"2","2","Savage Surge","Theros","Near Mint","English","","","2022-02-27 02:36:56.796240"
"9","9","Satyr Wayfinder","Born of the Gods","Near Mint","English","","","2022-02-27 02:36:56.751781"
"6","6","Satyr Grovedancer","Journey into Nyx","Near Mint","English","","","2022-02-27 02:36:56.669604"
"2","2","Sandsteppe Scavenger","Dragons of Tarkir","Near Mint","English","","","2022-02-27 02:36:56.614304"
"4","4","Sagu Archer","Khans of Tarkir","Near Mint","English","","","2022-02-27 02:36:56.596862"
"10","10","Saddleback Lagac","Oath of the Gatewatch","Near Mint","English","","","2022-02-27 02:36:56.542259"
"5","5","Tusked Colossodon","Khans of Tarkir","Near Mint","English","","","2022-02-27 02:36:56.474389"
"1","1","Tukatongue Thallid","Modern Masters 2015 Edition","Near Mint","English","","","2022-02-27 02:36:56.435341"
"5","5","Tread Upon","Dragons of Tarkir","Near Mint","English","","","2022-02-27 02:36:56.424392"
"1","1","Titanic Growth","Magic 2015 Core Set","Near Mint","English","","","2022-02-27 02:36:56.372452"
"2","2","Time to Feed","Theros","Near Mint","English","","","2022-02-27 02:36:56.361986"
"4","4","Temur Runemark","Fate Reforged","Near Mint","English","","","2022-02-27 02:36:56.266137"
"16","16","Tajuru Pathwarden","Oath of the Gatewatch","Near Mint","English","","","2022-02-27 02:36:56.232696"
"1","1","Undergrowth Scavenger","Magic 2015 Core Set","Near Mint","English","","","2022-02-27 02:36:56.145456"
"3","3","Vineweft","Magic 2015 Core Set","Near Mint","English","","","2022-02-27 02:36:56.136690"
"8","8","Vines of the Recluse","Oath of the Gatewatch","Near Mint","English","","","2022-02-27 02:36:56.110907"
"1","1","Vine Snare","Magic Origins","Near Mint","English","","","2022-02-27 02:36:56.068819"
"3","3","Verdant Haven","Magic 2015 Core Set","Near Mint","English","","","2022-02-27 02:36:56.021459"
"5","5","Woolly Loxodon","Khans of Tarkir","Near Mint","English","","","2022-02-27 02:36:55.995167"
"5","5","Whisperer of the Wilds","Fate Reforged","Near Mint","English","","","2022-02-27 02:36:55.913157"
"2","2","Bronze Sable","Theros","Near Mint","English","","","2022-02-27 02:36:55.759612"
"5","5","Bronze Sable","Magic 2015 Core Set","Near Mint","English","","","2022-02-27 02:36:55.741844"
"6","6","Bone Saw","Oath of the Gatewatch","Near Mint","English","","","2022-02-27 02:36:55.700232"
"5","5","Custodian of the Trove","Dragons of Tarkir","Near Mint","English","","","2022-02-27 02:36:55.649517"
"1","1","Dimir Cluestone","Dragon's Maze","Near Mint","English","","","2022-02-27 02:36:55.593772"
"2","2","Fleetfeather Sandals","Theros","Near Mint","English","","","2022-02-27 02:36:55.527443"
"5","5","Fireforger's Puzzleknot","Kaladesh","Near Mint","English","","","2022-02-27 02:36:55.505597"
"6","6","Field Creeper","Eldritch Moon","Near Mint","English","","","2022-02-27 02:36:55.495137"
"3","3","Pick the Brain","Shadows over Innistrad","Near Mint","English","","","2022-02-27 02:37:03.183986"
"3","3","Painful Lesson","Amonkhet","Near Mint","English","","","2022-02-27 02:37:03.167690"
"5","5","Olivia's Dragoon","Eldritch Moon","Near Mint","English","","","2022-02-27 02:37:03.139211"
"7","7","Night Market Lookout","Kaladesh","Near Mint","English","","","2022-02-27 02:37:03.113987"
"3","3","Night Market Aeronaut","Aether Revolt","Near Mint","English","","","2022-02-27 02:37:03.096707"
"1","1","Keepsake Gorgon","Conspiracy: Take the Crown","Near Mint","English","","","2022-02-27 02:37:03.079760"
"6","6","Murderous Compulsion","Shadows over Innistrad","Near Mint","English","","","2022-02-27 02:37:03.069371"
"1","1","Mind Rot","Welcome Deck 2016","Near Mint","English","","","2022-02-27 02:37:03.041121"
"2","2","Mind Rot","Kaladesh","Near Mint","English","","","2022-02-27 02:37:03.031972"
"10","10","Merciless Resolve","Shadows over Innistrad","Near Mint","English","","","2022-02-27 02:37:03.023292"
"1","1","Mausoleum Turnkey","Conspiracy: Take the Crown","Near Mint","English","","","2022-02-27 02:37:02.979558"
"5","5","Maulfist Squad","Kaladesh","Near Mint","English","","","2022-02-27 02:37:02.970316"
"1","1","Markov Crusader","Eldritch Moon","Near Mint","English","","","2022-02-27 02:37:02.962489"
"2","2","Malakir Familiar","Battle for Zendikar","Near Mint","English","","","2022-02-27 02:37:02.952849"
"5","5","Macabre Waltz","Shadows over Innistrad","Near Mint","English","","","2022-02-27 02:37:02.942519"
"7","7","Live Fast","Kaladesh","Near Mint","English","","","2022-02-27 02:37:02.921171"
"2","2","Lawless Broker","Kaladesh","Near Mint","English","","","2022-02-27 02:37:02.904440"
"10","10","Hound of the Farbogs","Shadows over Innistrad","Near Mint","English","","","2022-02-27 02:37:02.896069"
"3","3","Hagra Sharpshooter","Battle for Zendikar","Near Mint","English","","","2022-02-27 02:37:02.858675"
"8","8","Grotesque Mutation","Shadows over Innistrad","Near Mint","English","","","2022-02-27 02:37:02.838459"
"3","3","Grim Guardian","Journey into Nyx","Near Mint","English","","","2022-02-27 02:37:02.805240"
"2","2","Graf Rats","Eldritch Moon","Near Mint","English","","","2022-02-27 02:37:02.797079"
"3","3","Ghoulsteed","Shadows over Innistrad","Near Mint","English","","","2022-02-27 02:37:02.779383"
"10","10","Ghoulcaller's Accomplice","Shadows over Innistrad","Near Mint","English","","","2022-02-27 02:37:02.753718"
"2","2","Geyserfield Stalker","Battle for Zendikar","Near Mint","English","","","2022-02-27 02:37:02.727511"
"1","1","Gavony Unhallowed","Eldritch Moon","Near Mint","English","","","2022-02-27 02:37:02.717012"
"1","1","Fourth Bridge Prowler","Aether Revolt","Near Mint","English","","","2022-02-27 02:37:02.707853"
"5","5","Foundry Screecher","Kaladesh","Near Mint","English","","","2022-02-27 02:37:02.698796"
"7","7","Fortuitous Find","Kaladesh","Near Mint","English","","","2022-02-27 02:37:02.690445"
"2","2","Fleshbag Marauder","Conspiracy: Take the Crown","Near Mint","English","","","2022-02-27 02:37:02.673791"
"6","6","Final Reward","Amonkhet","Near Mint","English","","","2022-02-27 02:37:02.652391"
"5","5","Festering Mummy","Amonkhet","Near Mint","English","","","2022-02-27 02:37:02.626092"
"1","1","Festergloom","Conspiracy: Take the Crown","Near Mint","English","","","2022-02-27 02:37:02.609566"
"3","3","Fen Hauler","Aether Revolt","Near Mint","English","","","2022-02-27 02:37:02.600535"
"9","9","Farbog Revenant","Shadows over Innistrad","Near Mint","English","","","2022-02-27 02:37:02.591204"
"1","1","Farbog Boneflinger","Conspiracy: Take the Crown","Near Mint","English","","","2022-02-27 02:37:02.555729"
"2","2","Essence Depleter","Oath of the Gatewatch","Near Mint","English","","","2022-02-27 02:37:02.546288"
"3","3","Cursed Minotaur","Amonkhet","Near Mint","English","","","2022-02-27 02:37:02.537330"
"4","4","Culling Drone","Battle for Zendikar","Near Mint","English","","","2022-02-27 02:37:02.528778"
"12","12","Crow of Dark Tidings","Shadows over Innistrad","Near Mint","English","","","2022-02-27 02:37:02.519942"
"2","2","Creeping Dread","Shadows over Innistrad","Near Mint","English","","","2022-02-27 02:37:02.474998"
"3","3","Certain Death","Eldritch Moon","Near Mint","English","","","2022-02-27 02:37:02.457646"
"4","4","Dutiful Return","Battle for Zendikar","Near Mint","English","","","2022-02-27 02:37:02.448497"
"4","4","Dune Beetle","Amonkhet","Near Mint","English","","","2022-02-27 02:37:02.439855"
"7","7","Doomed Dissenter","Amonkhet","Near Mint","English","","","2022-02-27 02:37:02.429863"
"10","10","Die Young","Kaladesh","Near Mint","English","","","2022-02-27 02:37:02.402325"
"1","1","Diabolic Tutor","Conspiracy: Take the Crown","Near Mint","English","","","2022-02-27 02:37:02.366922"
"7","7","Dhund Operative","Kaladesh","Near Mint","English","","","2022-02-27 02:37:02.356777"
"4","4","Demon's Grasp","Battle for Zendikar","Near Mint","English","","","2022-02-27 02:37:02.347948"
"2","2","Defiant Salvager","Aether Revolt","Near Mint","English","","","2022-02-27 02:37:02.330847"
"2","2","Death Wind","Conspiracy: Take the Crown","Near Mint","English","","","2022-02-27 02:37:02.310938"
"1","1","Deadly Designs","Conspiracy: Take the Crown","Near Mint","English","","","2022-02-27 02:37:02.292145"
"4","4","Dead Weight","Shadows over Innistrad","Near Mint","English","","","2022-02-27 02:37:02.282248"
"7","7","Daring Demolition","Aether Revolt","Near Mint","English","","","2022-02-27 02:37:02.265395"
"7","7","Cartouche of Ambition","Amonkhet","Near Mint","English","","","2022-02-27 02:37:02.225957"
"1","1","Sengir Vampire","Welcome Deck 2016","Near Mint","English","","","2022-02-27 02:37:02.129897"
"5","5","Butcher's Glee","Dragons of Tarkir","Near Mint","English","","","2022-02-27 02:37:02.116970"
"5","5","Borrowed Malevolence","Eldritch Moon","Near Mint","English","","","2022-02-27 02:37:02.107844"
"4","4","Bone Splinters","Battle for Zendikar","Near Mint","English","","","2022-02-27 02:37:02.070105"
"2","2","Bloodcrazed Hoplite","Journey into Nyx","Near Mint","English","","","2022-02-27 02:37:02.061142"
"1","1","Blood-Toll Harpy","Conspiracy: Take the Crown","Near Mint","English","","","2022-02-27 02:37:02.048545"
"3","3","Blighted Bat","Amonkhet","Near Mint","English","","","2022-02-27 02:37:02.038270"
"2","2","Behind the Scenes","Shadows over Innistrad","Near Mint","English","","","2022-02-27 02:37:02.028412"
"7","7","Ambitious Aetherborn","Kaladesh","Near Mint","English","","","2022-02-27 02:37:02.008714"
"3","3","Altar's Reap","Conspiracy: Take the Crown","Near Mint","English","","","2022-02-27 02:37:01.974543"
"6","6","Alms of the Vein","Shadows over Innistrad","Near Mint","English","","","2022-02-27 02:37:01.954530"
"7","7","Aether Poisoner","Aether Revolt","Near Mint","English","","","2022-02-27 02:37:01.942949"
"2","2","Accursed Witch","Shadows over Innistrad","Near Mint","English","","","2022-02-27 02:37:01.919265"
"2","2","Rhonas the Indomitable","Amonkhet","Near Mint","English","foil","","2022-02-27 02:37:01.327778"
"4","4","Reverse Engineer","Friday Night Magic","Near Mint","English","foil","","2022-02-27 02:37:01.318218"
"1","1","Mage-Ring Network","Magic Origins","Near Mint","English","foil","","2022-02-27 02:37:01.279896"
"1","1","Foundry of the Consuls","Magic Origins","Near Mint","English","foil","","2022-02-27 02:37:01.270055"
"1","1","Silent Gravestone","Rivals of Ixalan","Near Mint","English","foil","","2022-02-27 02:37:01.260001"
"10","10","Gnome Token","Unstable","Near Mint","English","foil","","2022-02-27 02:37:01.093802"
"10","10","Goat Token","Unstable","Near Mint","English","foil","","2022-02-27 02:37:01.081999"
"2","2","Creeping Corrosion","Mirrodin Besieged","Near Mint","English","foil","","2022-02-27 02:37:00.868155"
"1","1","Blinkmoth Well","Mirrodin","Heavily Played","English","foil","","2022-02-27 02:37:00.858917"
"1","1","Urza's Factory","Time Spiral ""Timeshifted""","Near Mint","English","foil","","2022-02-27 02:37:00.848036"
"1","1","Impulse","From the Vault: Twenty","Near Mint","English","foil","","2022-02-27 02:37:00.838219"
"2","2","Gut Shot","Modern Masters 2015 Edition","Near Mint","English","foil","","2022-02-27 02:37:00.822956"
"1","1","Grim Captain's Call","Ixalan","Near Mint","English","foil","","2022-02-27 02:37:00.808647"
"1","1","Desert of the True","Hour of Devastation","Near Mint","English","foil","","2022-02-27 02:37:00.799569"
"2","2","Guardians of Meletis","Theros","Near Mint","English","","","2022-02-27 02:36:55.473663"
"2","2","Graven Abomination","Hour of Devastation","Near Mint","English","","","2022-02-27 02:36:55.450718"
"1","1","Necrobite","Magic 2015 Core Set","Near Mint","English","","","2022-02-27 02:36:54.197826"
"2","2","Necrobite","Born of the Gods","Near Mint","English","","","2022-02-27 02:36:54.178382"
"2","2","Moaning Wall","Hour of Devastation","Near Mint","English","","","2022-02-27 02:36:54.125683"
"1","1","Mind Rot","Magic 2015 Core Set","Near Mint","English","","","2022-02-27 02:36:54.104409"
"3","3","Marshmist Titan","Born of the Gods","Near Mint","English","","","2022-02-27 02:36:54.029576"
"4","4","Marsh Hulk","Dragons of Tarkir","Near Mint","English","","","2022-02-27 02:36:54.008704"
"3","3","March of the Returned","Theros","Near Mint","English","","","2022-02-27 02:36:53.966553"
"3","3","Marauding Boneslasher","Hour of Devastation","Near Mint","English","","","2022-02-27 02:36:53.933339"
"2","2","Lurching Rotbeast","Hour of Devastation","Near Mint","English","","","2022-02-27 02:36:53.887225"
"1","1","Liliana's Indignation","Shadows over Innistrad","Near Mint","English","","","2022-02-27 02:36:53.859732"
"4","4","Lethal Sting","Hour of Devastation","Near Mint","English","","","2022-02-27 02:36:53.847745"
"14","14","Kozilek's Shrieker","Oath of the Gatewatch","Near Mint","English","","","2022-02-27 02:36:53.827054"
"14","14","Kozilek's Translator","Oath of the Gatewatch","Near Mint","English","","","2022-02-27 02:36:53.817016"
"4","4","Hand of Silumgar","Dragons of Tarkir","Near Mint","English","","","2022-02-27 02:36:53.586413"
"2","2","Grisly Transformation","Born of the Gods","Near Mint","English","","","2022-02-27 02:36:53.514986"
"6","6","Grim Roustabout","Return to Ravnica","Near Mint","English","","","2022-02-27 02:36:53.491283"
"2","2","Gravepurge","Dragons of Tarkir","Near Mint","English","","","2022-02-27 02:36:53.472427"
"2","2","Forsaken Drifters","Born of the Gods","Near Mint","English","","","2022-02-27 02:36:53.368706"
"1","1","Font of Return","Journey into Nyx","Near Mint","English","","","2022-02-27 02:36:53.351102"
"3","3","Flesh to Dust","Magic 2015 Core Set","Near Mint","English","","","2022-02-27 02:36:53.340112"
"2","2","Fleshmad Steed","Theros","Near Mint","English","","","2022-02-27 02:36:53.311342"
"4","4","Flatten","Dragons of Tarkir","Near Mint","English","","","2022-02-27 02:36:53.291149"
"4","4","Festergloom","Magic 2015 Core Set","Near Mint","English","","","2022-02-27 02:36:53.236694"
"3","3","Felhide Minotaur","Theros","Near Mint","English","","","2022-02-27 02:36:53.201935"
"1","1","Feast of Dreams","Journey into Nyx","Near Mint","English","","","2022-02-27 02:36:53.174577"
"2","2","Eye Gouge","Born of the Gods","Near Mint","English","","","2022-02-27 02:36:53.116748"
"3","3","Eternal Thirst","Magic 2015 Core Set","Near Mint","English","","","2022-02-27 02:36:53.098075"
"4","4","Dutiful Attendant","Dragons of Tarkir","Near Mint","English","","","2022-02-27 02:36:53.069777"
"1","1","Duress","Dragons of Tarkir","Near Mint","English","","","2022-02-27 02:36:53.029020"
"1","1","Driver of the Dead","Conspiracy: Take the Crown","Near Mint","English","","","2022-02-27 02:36:53.003616"
"2","2","Dreadbringer Lampads","Journey into Nyx","Near Mint","English","","","2022-02-27 02:36:52.990168"
"1","1","Douse in Gloom","Fate Reforged","Near Mint","English","","","2022-02-27 02:36:52.980064"
"2","2","Disciple of Phenax","Theros","Near Mint","English","","","2022-02-27 02:36:52.968191"
"3","3","Defeat","Dragons of Tarkir","Near Mint","English","","","2022-02-27 02:36:52.909138"
"2","2","Cruel Feeding","Journey into Nyx","Near Mint","English","","","2022-02-27 02:36:52.822646"
"4","4","Crippling Blight","Magic 2015 Core Set","Near Mint","English","","","2022-02-27 02:36:52.731931"
"2","2","Covenant of Blood","Magic 2015 Core Set","Near Mint","English","","","2022-02-27 02:36:52.687581"
"14","14","Corpse Churn","Oath of the Gatewatch","Near Mint","English","","","2022-02-27 02:36:52.665576"
"7","7","Coat with Venom","Dragons of Tarkir","Near Mint","English","","","2022-02-27 02:36:52.568825"
"3","3","Child of Night","Magic 2015 Core Set","Near Mint","English","","","2022-02-27 02:36:52.491403"
"1","1","Cast into Darkness","Journey into Nyx","Near Mint","English","","","2022-02-27 02:36:52.447917"
"2","2","Carrion Crow","Magic 2015 Core Set","Near Mint","English","","","2022-02-27 02:36:52.436629"
"1","1","Boon of Erebos","Theros","Near Mint","English","","","2022-02-27 02:36:52.376654"
"1","1","Boon of Emrakul","Eldritch Moon","Near Mint","English","","","2022-02-27 02:36:52.364686"
"3","3","Blood-Toll Harpy","Theros","Near Mint","English","","","2022-02-27 02:36:52.342235"
"1","1","Blightsoil Druid","Eternal Masters","Near Mint","English","","","2022-02-27 02:36:52.312268"
"7","7","Black Cat","Magic 2015 Core Set","Near Mint","English","","","2022-02-27 02:36:52.292540"
"2","2","Asphodel Wanderer","Theros","Near Mint","English","","","2022-02-27 02:36:52.218769"
"2","2","Aspect of Gorgon","Journey into Nyx","Near Mint","English","","","2022-02-27 02:36:52.197360"
"2","2","Anointed Deacon","Ixalan","Near Mint","English","","","2022-02-27 02:36:52.183184"
"4","4","Kruphix's Insight","Journey into Nyx","Near Mint","English","","","2022-02-27 02:36:58.767190"
"1","1","Kin-Tree Warden","Khans of Tarkir","Near Mint","English","","","2022-02-27 02:36:58.742176"
"3","3","Kessig Dire Swine","Shadows over Innistrad","Near Mint","English","","","2022-02-27 02:36:58.732102"
"9","9","Karametra's Favor","Born of the Gods","Near Mint","English","","","2022-02-27 02:36:58.706020"
"4","4","Longshot Squad","Khans of Tarkir","Near Mint","English","","","2022-02-27 02:36:58.648919"
"15","15","Loam Larva","Oath of the Gatewatch","Near Mint","English","","","2022-02-27 02:36:58.632797"
"2","2","Loam Dryad","Shadows over Innistrad","Near Mint","English","","","2022-02-27 02:36:58.565386"
"3","3","Living Totem","Magic 2015 Core Set","Near Mint","English","","","2022-02-27 02:36:58.548560"
"6","6","Mortal's Resolve","Born of the Gods","Near Mint","English","","","2022-02-27 02:36:58.456800"
"3","3","Market Festival","Journey into Nyx","Near Mint","English","","","2022-02-27 02:36:58.380828"
"4","4","Map the Wastes","Fate Reforged","Near Mint","English","","","2022-02-27 02:36:58.353402"
"7","7","Nyxborn Wolf","Born of the Gods","Near Mint","English","","","2022-02-27 02:36:58.317213"
"13","13","Netcaster Spider","Oath of the Gatewatch","Near Mint","English","","","2022-02-27 02:36:58.267052"
"2","2","Netcaster Spider","Magic 2015 Core Set","Near Mint","English","","","2022-02-27 02:36:58.208259"
"3","3","Nessian Asp","Theros","Near Mint","English","","","2022-02-27 02:36:58.189759"
"2","2","Naturalize","Dragons of Tarkir","Near Mint","English","","","2022-02-27 02:36:58.148077"
"3","3","Naturalize","Khans of Tarkir","Near Mint","English","","","2022-02-27 02:36:58.130473"
"3","3","Naturalize","Magic 2015 Core Set","Near Mint","English","","","2022-02-27 02:36:58.103331"
"1","1","Oakheart Dryads","Journey into Nyx","Near Mint","English","","","2022-02-27 02:36:58.057455"
"7","7","Pulse of Murasa","Oath of the Gatewatch","Near Mint","English","","","2022-02-27 02:36:58.046998"
"1","1","Plummet","Magic 2015 Core Set","Near Mint","English","","","2022-02-27 02:36:58.001300"
"4","4","Pinion Feast","Dragons of Tarkir","Near Mint","English","","","2022-02-27 02:36:57.991602"
"8","8","Pheres-Band Tromper","Born of the Gods","Near Mint","English","","","2022-02-27 02:36:57.959060"
"2","2","Pheres-Band Centaurs","Theros","Near Mint","English","","","2022-02-27 02:36:57.881533"
"3","3","Runeclaw Bear","Magic 2015 Core Set","Near Mint","English","","","2022-02-27 02:36:57.827540"
"2","2","Rhonas's Stalwart","Hour of Devastation","Near Mint","English","","","2022-02-27 02:36:57.748966"
"5","5","Return to the Earth","Fate Reforged","Near Mint","English","","","2022-02-27 02:36:57.724502"
"5","5","Renowned Weaver","Journey into Nyx","Near Mint","English","","","2022-02-27 02:36:57.691560"
"2","2","Ravenous Leucrocota","Journey into Nyx","Near Mint","English","","","2022-02-27 02:36:57.650705"
"4","4","Ravenous Daggertooth","Ixalan","Near Mint","English","","","2022-02-27 02:36:57.632847"
"5","5","Ranger's Guile","Magic 2015 Core Set","Near Mint","English","","","2022-02-27 02:36:57.624130"
"2","2","Swordwise Centaur","Born of the Gods","Near Mint","English","","","2022-02-27 02:36:57.537429"
"2","2","Staunch-Hearted Warrior","Theros","Near Mint","English","","","2022-02-27 02:36:57.438349"
"2","2","Stampeding Elk Herd","Dragons of Tarkir","Near Mint","English","","","2022-02-27 02:36:57.420083"
"9","9","Stalking Drone","Oath of the Gatewatch","Near Mint","English","","","2022-02-27 02:36:57.402941"
"9","9","Snake of the Golden Grove","Born of the Gods","Near Mint","English","","","2022-02-27 02:36:57.310041"
"4","4","Accursed Spirit","Magic 2015 Core Set","Near Mint","English","","","2022-02-27 02:36:52.090477"
"13","13","Sky Scourer","Oath of the Gatewatch","Near Mint","English","","","2022-02-27 02:36:51.868859"
"2","2","Sip of Hemlock","Theros","Near Mint","English","","","2022-02-27 02:36:51.749388"
"3","3","Silumgar Butcher","Dragons of Tarkir","Near Mint","English","","","2022-02-27 02:36:51.724828"
"7","7","Sign in Blood","Magic 2015 Core Set","Near Mint","English","","","2022-02-27 02:36:51.694297"
"4","4","Sibsig Icebreakers","Dragons of Tarkir","Near Mint","English","","","2022-02-27 02:36:51.603583"
"4","4","Shambling Goblin","Dragons of Tarkir","Near Mint","English","","","2022-02-27 02:36:51.567742"
"6","6","Shamble Back","Shadows over Innistrad","Near Mint","English","","","2022-02-27 02:36:51.528723"
"2","2","Shadowcloak Vampire","Magic 2015 Core Set","Near Mint","English","","","2022-02-27 02:36:51.468036"
"1","1","Servant of Tymaret","Born of the Gods","Near Mint","English","","","2022-02-27 02:36:51.450674"
"1","1","Typhoid Rats","Fate Reforged","Near Mint","English","","","2022-02-27 02:36:51.424494"
"1","1","Typhoid Rats","Magic 2015 Core Set","Near Mint","English","","","2022-02-27 02:36:51.414490"
"2","2","Thraben Foulbloods","Eldritch Moon","Near Mint","English","","","2022-02-27 02:36:51.355120"
"1","1","Thornbow Archer","Magic Origins","Near Mint","English","","","2022-02-27 02:36:51.337556"
"10","10","Unnatural Endurance","Oath of the Gatewatch","Near Mint","English","","","2022-02-27 02:36:51.197784"
"1","1","Unmake the Graves","Magic 2015 Core Set","Near Mint","English","","","2022-02-27 02:36:51.119294"
"4","4","Vulturous Aven","Dragons of Tarkir","Near Mint","English","","","2022-02-27 02:36:51.107331"
"1","1","Vesper Ghoul","Dissension","Near Mint","English","","","2022-02-27 02:36:51.051515"
"9","9","Vampire Envoy","Oath of the Gatewatch","Near Mint","English","","","2022-02-27 02:36:51.005914"
"16","16","Witness the End","Oath of the Gatewatch","Near Mint","English","","","2022-02-27 02:36:50.918015"
"4","4","Witch's Familiar","Magic 2015 Core Set","Near Mint","English","","","2022-02-27 02:36:50.825640"
"2","2","Warchanter of Mogis","Born of the Gods","Near Mint","English","","","2022-02-27 02:36:50.748066"
"4","4","Wandering Tombshell","Dragons of Tarkir","Near Mint","English","","","2022-02-27 02:36:50.730241"
"2","2","Wake of Vultures","Eternal Masters","Near Mint","English","","","2022-02-27 02:36:50.695995"
"9","9","Zulaport Chainmage","Oath of the Gatewatch","Near Mint","English","","","2022-02-27 02:36:50.686714"
"3","3","Zof Shade","Magic 2015 Core Set","Near Mint","English","","","2022-02-27 02:36:50.642277"
"1","1","Augury Owl","Magic 2011","Near Mint","English","foil","","2022-02-27 02:36:50.611317"
"3","3","Human Wizard Token","Eldritch Moon","Near Mint","English","","","2022-02-27 02:36:50.600859"
"2","2","Spire of Industry","Aether Revolt","Near Mint","English","foil","","2022-02-27 02:36:50.591927"
"1","1","Goblin Assault","Shards of Alara","Near Mint","English","foil","","2022-02-27 02:36:50.500787"
"2","2","Flameblade Adept","Amonkhet","Near Mint","English","foil","","2022-02-27 02:36:50.477006"
"5","5","Drake Token","Amonkhet","Near Mint","English","","","2022-02-27 02:36:50.467997"
"9","9","Dragon Token","Eternal Masters","Near Mint","English","","","2022-02-27 02:36:50.459365"
